%YAML 1.1
%TAG !u! tag:unity3d.com,2011:
--- !u!29 &1
OcclusionCullingSettings:
  m_ObjectHideFlags: 0
  serializedVersion: 2
  m_OcclusionBakeSettings:
    smallestOccluder: 5
    smallestHole: 0.25
    backfaceThreshold: 100
  m_SceneGUID: 00000000000000000000000000000000
  m_OcclusionCullingData: {fileID: 0}
--- !u!104 &2
RenderSettings:
  m_ObjectHideFlags: 0
  serializedVersion: 9
  m_Fog: 0
  m_FogColor: {r: 0.5, g: 0.5, b: 0.5, a: 1}
  m_FogMode: 3
  m_FogDensity: 0.01
  m_LinearFogStart: 0
  m_LinearFogEnd: 300
  m_AmbientSkyColor: {r: 0.212, g: 0.227, b: 0.259, a: 1}
  m_AmbientEquatorColor: {r: 0.114, g: 0.125, b: 0.133, a: 1}
  m_AmbientGroundColor: {r: 0.047, g: 0.043, b: 0.035, a: 1}
  m_AmbientIntensity: 1
  m_AmbientMode: 0
  m_SubtractiveShadowColor: {r: 0.42, g: 0.478, b: 0.627, a: 1}
  m_SkyboxMaterial: {fileID: 10304, guid: 0000000000000000f000000000000000, type: 0}
  m_HaloStrength: 0.5
  m_FlareStrength: 1
  m_FlareFadeSpeed: 3
  m_HaloTexture: {fileID: 0}
  m_SpotCookie: {fileID: 10001, guid: 0000000000000000e000000000000000, type: 0}
  m_DefaultReflectionMode: 0
  m_DefaultReflectionResolution: 128
  m_ReflectionBounces: 1
  m_ReflectionIntensity: 1
  m_CustomReflection: {fileID: 0}
  m_Sun: {fileID: 705507994}
  m_IndirectSpecularColor: {r: 0, g: 0, b: 0, a: 1}
  m_UseRadianceAmbientProbe: 0
--- !u!157 &3
LightmapSettings:
  m_ObjectHideFlags: 0
  serializedVersion: 11
  m_GIWorkflowMode: 1
  m_GISettings:
    serializedVersion: 2
    m_BounceScale: 1
    m_IndirectOutputScale: 1
    m_AlbedoBoost: 1
    m_EnvironmentLightingMode: 0
    m_EnableBakedLightmaps: 1
    m_EnableRealtimeLightmaps: 0
  m_LightmapEditorSettings:
    serializedVersion: 12
    m_Resolution: 2
    m_BakeResolution: 40
    m_AtlasSize: 1024
    m_AO: 0
    m_AOMaxDistance: 1
    m_CompAOExponent: 1
    m_CompAOExponentDirect: 0
    m_ExtractAmbientOcclusion: 0
    m_Padding: 2
    m_LightmapParameters: {fileID: 0}
    m_LightmapsBakeMode: 1
    m_TextureCompression: 1
    m_FinalGather: 0
    m_FinalGatherFiltering: 1
    m_FinalGatherRayCount: 256
    m_ReflectionCompression: 2
    m_MixedBakeMode: 2
    m_BakeBackend: 1
    m_PVRSampling: 1
    m_PVRDirectSampleCount: 32
    m_PVRSampleCount: 500
    m_PVRBounces: 2
    m_PVREnvironmentSampleCount: 500
    m_PVREnvironmentReferencePointCount: 2048
    m_PVRFilteringMode: 2
    m_PVRDenoiserTypeDirect: 0
    m_PVRDenoiserTypeIndirect: 0
    m_PVRDenoiserTypeAO: 0
    m_PVRFilterTypeDirect: 0
    m_PVRFilterTypeIndirect: 0
    m_PVRFilterTypeAO: 0
    m_PVREnvironmentMIS: 0
    m_PVRCulling: 1
    m_PVRFilteringGaussRadiusDirect: 1
    m_PVRFilteringGaussRadiusIndirect: 5
    m_PVRFilteringGaussRadiusAO: 2
    m_PVRFilteringAtrousPositionSigmaDirect: 0.5
    m_PVRFilteringAtrousPositionSigmaIndirect: 2
    m_PVRFilteringAtrousPositionSigmaAO: 1
    m_ExportTrainingData: 0
    m_TrainingDataDestination: TrainingData
    m_LightProbeSampleCountMultiplier: 4
  m_LightingDataAsset: {fileID: 0}
  m_UseShadowmask: 1
--- !u!196 &4
NavMeshSettings:
  serializedVersion: 2
  m_ObjectHideFlags: 0
  m_BuildSettings:
    serializedVersion: 2
    agentTypeID: 0
    agentRadius: 0.5
    agentHeight: 2
    agentSlope: 45
    agentClimb: 0.4
    ledgeDropHeight: 0
    maxJumpAcrossDistance: 0
    minRegionArea: 2
    manualCellSize: 0
    cellSize: 0.16666667
    manualTileSize: 0
    tileSize: 256
    accuratePlacement: 0
    debug:
      m_Flags: 0
  m_NavMeshData: {fileID: 0}
--- !u!4 &202331009 stripped
Transform:
  m_CorrespondingSourceObject: {fileID: 1714225353890744527, guid: 3f499a6f536b8454fb2dcc99678cd609,
    type: 3}
  m_PrefabInstance: {fileID: 1714225354093042510}
  m_PrefabAsset: {fileID: 0}
--- !u!1 &302228579
GameObject:
  m_ObjectHideFlags: 0
  m_CorrespondingSourceObject: {fileID: 0}
  m_PrefabInstance: {fileID: 0}
  m_PrefabAsset: {fileID: 0}
  serializedVersion: 6
  m_Component:
  - component: {fileID: 302228580}
  - component: {fileID: 302228584}
  - component: {fileID: 302228583}
  - component: {fileID: 302228582}
  - component: {fileID: 302228581}
  - component: {fileID: 302228585}
  m_Layer: 5
  m_Name: Exit Shop
  m_TagString: Untagged
  m_Icon: {fileID: 0}
  m_NavMeshLayer: 0
  m_StaticEditorFlags: 0
  m_IsActive: 1
--- !u!224 &302228580
RectTransform:
  m_ObjectHideFlags: 0
  m_CorrespondingSourceObject: {fileID: 0}
  m_PrefabInstance: {fileID: 0}
  m_PrefabAsset: {fileID: 0}
  m_GameObject: {fileID: 302228579}
  m_LocalRotation: {x: 0, y: 0, z: 0, w: 1}
  m_LocalPosition: {x: 0, y: 0, z: 0}
  m_LocalScale: {x: 1, y: 1, z: 1}
  m_Children: []
  m_Father: {fileID: 1906543332}
  m_RootOrder: 0
  m_LocalEulerAnglesHint: {x: 0, y: 0, z: 0}
  m_AnchorMin: {x: 0, y: 1}
  m_AnchorMax: {x: 0, y: 1}
  m_AnchoredPosition: {x: 60, y: -60}
  m_SizeDelta: {x: 82, y: 80}
  m_Pivot: {x: 0.5, y: 0.5}
--- !u!114 &302228581
MonoBehaviour:
  m_ObjectHideFlags: 0
  m_CorrespondingSourceObject: {fileID: 0}
  m_PrefabInstance: {fileID: 0}
  m_PrefabAsset: {fileID: 0}
  m_GameObject: {fileID: 302228579}
  m_Enabled: 1
  m_EditorHideFlags: 0
  m_Script: {fileID: 11500000, guid: 342431a0ae16463409ec0b1fb4fb4876, type: 3}
  m_Name: 
  m_EditorClassIdentifier: 
  musicOn: {fileID: 0}
  musicOff: {fileID: 0}
--- !u!114 &302228582
MonoBehaviour:
  m_ObjectHideFlags: 0
  m_CorrespondingSourceObject: {fileID: 0}
  m_PrefabInstance: {fileID: 0}
  m_PrefabAsset: {fileID: 0}
  m_GameObject: {fileID: 302228579}
  m_Enabled: 1
  m_EditorHideFlags: 0
  m_Script: {fileID: 11500000, guid: 4e29b1a8efbd4b44bb3f3716e73f07ff, type: 3}
  m_Name: 
  m_EditorClassIdentifier: 
  m_Navigation:
    m_Mode: 3
    m_SelectOnUp: {fileID: 0}
    m_SelectOnDown: {fileID: 0}
    m_SelectOnLeft: {fileID: 0}
    m_SelectOnRight: {fileID: 0}
  m_Transition: 1
  m_Colors:
    m_NormalColor: {r: 1, g: 1, b: 1, a: 1}
    m_HighlightedColor: {r: 0.9607843, g: 0.9607843, b: 0.9607843, a: 1}
    m_PressedColor: {r: 0.78431374, g: 0.78431374, b: 0.78431374, a: 0.7294118}
    m_SelectedColor: {r: 0.9607843, g: 0.9607843, b: 0.9607843, a: 1}
    m_DisabledColor: {r: 0.78431374, g: 0.78431374, b: 0.78431374, a: 0.5019608}
    m_ColorMultiplier: 1
    m_FadeDuration: 0.1
  m_SpriteState:
    m_HighlightedSprite: {fileID: 0}
    m_PressedSprite: {fileID: 0}
    m_SelectedSprite: {fileID: 0}
    m_DisabledSprite: {fileID: 0}
  m_AnimationTriggers:
    m_NormalTrigger: Normal
    m_HighlightedTrigger: Highlighted
    m_PressedTrigger: Pressed
    m_SelectedTrigger: Selected
    m_DisabledTrigger: Disabled
  m_Interactable: 1
  m_TargetGraphic: {fileID: 302228583}
  m_OnClick:
    m_PersistentCalls:
      m_Calls:
      - m_Target: {fileID: 302228581}
        m_MethodName: CloseShop
        m_Mode: 1
        m_Arguments:
          m_ObjectArgument: {fileID: 0}
          m_ObjectArgumentAssemblyTypeName: UnityEngine.Object, UnityEngine
          m_IntArgument: 0
          m_FloatArgument: 0
          m_StringArgument: 
          m_BoolArgument: 0
        m_CallState: 2
--- !u!114 &302228583
MonoBehaviour:
  m_ObjectHideFlags: 0
  m_CorrespondingSourceObject: {fileID: 0}
  m_PrefabInstance: {fileID: 0}
  m_PrefabAsset: {fileID: 0}
  m_GameObject: {fileID: 302228579}
  m_Enabled: 1
  m_EditorHideFlags: 0
  m_Script: {fileID: 11500000, guid: fe87c0e1cc204ed48ad3b37840f39efc, type: 3}
  m_Name: 
  m_EditorClassIdentifier: 
  m_Material: {fileID: 0}
  m_Color: {r: 1, g: 1, b: 1, a: 1}
  m_RaycastTarget: 1
  m_Maskable: 1
  m_OnCullStateChanged:
    m_PersistentCalls:
      m_Calls: []
  m_Sprite: {fileID: 21300000, guid: 0033db5e2afce1d4babac06b69e3d92e, type: 3}
  m_Type: 0
  m_PreserveAspect: 1
  m_FillCenter: 1
  m_FillMethod: 4
  m_FillAmount: 1
  m_FillClockwise: 1
  m_FillOrigin: 0
  m_UseSpriteMesh: 0
  m_PixelsPerUnitMultiplier: 1
--- !u!222 &302228584
CanvasRenderer:
  m_ObjectHideFlags: 0
  m_CorrespondingSourceObject: {fileID: 0}
  m_PrefabInstance: {fileID: 0}
  m_PrefabAsset: {fileID: 0}
  m_GameObject: {fileID: 302228579}
  m_CullTransparentMesh: 0
--- !u!82 &302228585
AudioSource:
  m_ObjectHideFlags: 0
  m_CorrespondingSourceObject: {fileID: 0}
  m_PrefabInstance: {fileID: 0}
  m_PrefabAsset: {fileID: 0}
  m_GameObject: {fileID: 302228579}
  m_Enabled: 1
  serializedVersion: 4
  OutputAudioMixerGroup: {fileID: 0}
  m_audioClip: {fileID: 8300000, guid: 21e9c4d58755851438250b7c6d9c6ee2, type: 3}
  m_PlayOnAwake: 0
  m_Volume: 1
  m_Pitch: 1
  Loop: 0
  Mute: 0
  Spatialize: 0
  SpatializePostEffects: 0
  Priority: 128
  DopplerLevel: 1
  MinDistance: 1
  MaxDistance: 500
  Pan2D: 0
  rolloffMode: 0
  BypassEffects: 0
  BypassListenerEffects: 0
  BypassReverbZones: 0
  rolloffCustomCurve:
    serializedVersion: 2
    m_Curve:
    - serializedVersion: 3
      time: 0
      value: 1
      inSlope: 0
      outSlope: 0
      tangentMode: 0
      weightedMode: 0
      inWeight: 0.33333334
      outWeight: 0.33333334
    - serializedVersion: 3
      time: 1
      value: 0
      inSlope: 0
      outSlope: 0
      tangentMode: 0
      weightedMode: 0
      inWeight: 0.33333334
      outWeight: 0.33333334
    m_PreInfinity: 2
    m_PostInfinity: 2
    m_RotationOrder: 4
  panLevelCustomCurve:
    serializedVersion: 2
    m_Curve:
    - serializedVersion: 3
      time: 0
      value: 0
      inSlope: 0
      outSlope: 0
      tangentMode: 0
      weightedMode: 0
      inWeight: 0.33333334
      outWeight: 0.33333334
    m_PreInfinity: 2
    m_PostInfinity: 2
    m_RotationOrder: 4
  spreadCustomCurve:
    serializedVersion: 2
    m_Curve:
    - serializedVersion: 3
      time: 0
      value: 0
      inSlope: 0
      outSlope: 0
      tangentMode: 0
      weightedMode: 0
      inWeight: 0.33333334
      outWeight: 0.33333334
    m_PreInfinity: 2
    m_PostInfinity: 2
    m_RotationOrder: 4
  reverbZoneMixCustomCurve:
    serializedVersion: 2
    m_Curve:
    - serializedVersion: 3
      time: 0
      value: 1
      inSlope: 0
      outSlope: 0
      tangentMode: 0
      weightedMode: 0
      inWeight: 0.33333334
      outWeight: 0.33333334
    m_PreInfinity: 2
    m_PostInfinity: 2
    m_RotationOrder: 4
--- !u!1 &311470549
GameObject:
  m_ObjectHideFlags: 0
  m_CorrespondingSourceObject: {fileID: 0}
  m_PrefabInstance: {fileID: 0}
  m_PrefabAsset: {fileID: 0}
  serializedVersion: 6
  m_Component:
  - component: {fileID: 311470550}
  - component: {fileID: 311470552}
  - component: {fileID: 311470551}
  m_Layer: 5
  m_Name: Cube 6
  m_TagString: Untagged
  m_Icon: {fileID: 0}
  m_NavMeshLayer: 0
  m_StaticEditorFlags: 0
  m_IsActive: 1
--- !u!224 &311470550
RectTransform:
  m_ObjectHideFlags: 0
  m_CorrespondingSourceObject: {fileID: 0}
  m_PrefabInstance: {fileID: 0}
  m_PrefabAsset: {fileID: 0}
  m_GameObject: {fileID: 311470549}
  m_LocalRotation: {x: -0, y: -0, z: 0.0064804186, w: 0.999979}
  m_LocalPosition: {x: 0, y: 0, z: 0}
  m_LocalScale: {x: 1, y: 1, z: 1}
  m_Children: []
  m_Father: {fileID: 1906543332}
  m_RootOrder: 5
  m_LocalEulerAnglesHint: {x: 0, y: 0, z: 0.74300003}
  m_AnchorMin: {x: 0.75125, y: 0.7035406}
  m_AnchorMax: {x: 0.83625, y: 0.7431892}
  m_AnchoredPosition: {x: 31, y: -350}
  m_SizeDelta: {x: -5.077423, y: 7.1019516}
  m_Pivot: {x: 0.5, y: 0.5}
--- !u!114 &311470551
MonoBehaviour:
  m_ObjectHideFlags: 0
  m_CorrespondingSourceObject: {fileID: 0}
  m_PrefabInstance: {fileID: 0}
  m_PrefabAsset: {fileID: 0}
  m_GameObject: {fileID: 311470549}
  m_Enabled: 1
  m_EditorHideFlags: 0
  m_Script: {fileID: 11500000, guid: 5f7201a12d95ffc409449d95f23cf332, type: 3}
  m_Name: 
  m_EditorClassIdentifier: 
  m_Material: {fileID: 0}
  m_Color: {r: 0.19607843, g: 0.19607843, b: 0.19607843, a: 1}
  m_RaycastTarget: 1
  m_Maskable: 1
  m_OnCullStateChanged:
    m_PersistentCalls:
      m_Calls: []
  m_FontData:
    m_Font: {fileID: 10102, guid: 0000000000000000e000000000000000, type: 0}
    m_FontSize: 40
    m_FontStyle: 1
    m_BestFit: 0
    m_MinSize: 2
    m_MaxSize: 40
    m_Alignment: 4
    m_AlignByGeometry: 0
    m_RichText: 0
    m_HorizontalOverflow: 0
    m_VerticalOverflow: 0
    m_LineSpacing: 1
  m_Text: 50
--- !u!222 &311470552
CanvasRenderer:
  m_ObjectHideFlags: 0
  m_CorrespondingSourceObject: {fileID: 0}
  m_PrefabInstance: {fileID: 0}
  m_PrefabAsset: {fileID: 0}
  m_GameObject: {fileID: 311470549}
  m_CullTransparentMesh: 0
--- !u!1 &382325565
GameObject:
  m_ObjectHideFlags: 0
  m_CorrespondingSourceObject: {fileID: 0}
  m_PrefabInstance: {fileID: 0}
  m_PrefabAsset: {fileID: 0}
  serializedVersion: 6
  m_Component:
  - component: {fileID: 382325566}
  - component: {fileID: 382325568}
  - component: {fileID: 382325567}
  m_Layer: 5
  m_Name: Cube 8
  m_TagString: Untagged
  m_Icon: {fileID: 0}
  m_NavMeshLayer: 0
  m_StaticEditorFlags: 0
  m_IsActive: 1
--- !u!224 &382325566
RectTransform:
  m_ObjectHideFlags: 0
  m_CorrespondingSourceObject: {fileID: 0}
  m_PrefabInstance: {fileID: 0}
  m_PrefabAsset: {fileID: 0}
  m_GameObject: {fileID: 382325565}
  m_LocalRotation: {x: -0, y: -0, z: 0.0064804186, w: 0.999979}
  m_LocalPosition: {x: 0, y: 0, z: 0}
  m_LocalScale: {x: 1, y: 1, z: 1}
  m_Children: []
  m_Father: {fileID: 1906543332}
  m_RootOrder: 7
  m_LocalEulerAnglesHint: {x: 0, y: 0, z: 0.74300003}
  m_AnchorMin: {x: 0.75125, y: 0.7035406}
  m_AnchorMax: {x: 0.83625, y: 0.7431892}
  m_AnchoredPosition: {x: -226, y: -667}
  m_SizeDelta: {x: -5.077423, y: 7.1019516}
  m_Pivot: {x: 0.5, y: 0.5}
--- !u!114 &382325567
MonoBehaviour:
  m_ObjectHideFlags: 0
  m_CorrespondingSourceObject: {fileID: 0}
  m_PrefabInstance: {fileID: 0}
  m_PrefabAsset: {fileID: 0}
  m_GameObject: {fileID: 382325565}
  m_Enabled: 1
  m_EditorHideFlags: 0
  m_Script: {fileID: 11500000, guid: 5f7201a12d95ffc409449d95f23cf332, type: 3}
  m_Name: 
  m_EditorClassIdentifier: 
  m_Material: {fileID: 0}
  m_Color: {r: 0.19607843, g: 0.19607843, b: 0.19607843, a: 1}
  m_RaycastTarget: 1
  m_Maskable: 1
  m_OnCullStateChanged:
    m_PersistentCalls:
      m_Calls: []
  m_FontData:
    m_Font: {fileID: 10102, guid: 0000000000000000e000000000000000, type: 0}
    m_FontSize: 40
    m_FontStyle: 1
    m_BestFit: 0
    m_MinSize: 2
    m_MaxSize: 40
    m_Alignment: 4
    m_AlignByGeometry: 0
    m_RichText: 0
    m_HorizontalOverflow: 0
    m_VerticalOverflow: 0
    m_LineSpacing: 1
  m_Text: 70
--- !u!222 &382325568
CanvasRenderer:
  m_ObjectHideFlags: 0
  m_CorrespondingSourceObject: {fileID: 0}
  m_PrefabInstance: {fileID: 0}
  m_PrefabAsset: {fileID: 0}
  m_GameObject: {fileID: 382325565}
  m_CullTransparentMesh: 0
--- !u!4 &542696188 stripped
Transform:
  m_CorrespondingSourceObject: {fileID: 7233576943970567335, guid: 12481a7ae9bd3c04790314db53b94d65,
    type: 3}
  m_PrefabInstance: {fileID: 7233576944502744667}
  m_PrefabAsset: {fileID: 0}
--- !u!1 &705507993
GameObject:
  m_ObjectHideFlags: 0
  m_CorrespondingSourceObject: {fileID: 0}
  m_PrefabInstance: {fileID: 0}
  m_PrefabAsset: {fileID: 0}
  serializedVersion: 6
  m_Component:
  - component: {fileID: 705507995}
  - component: {fileID: 705507994}
  m_Layer: 0
  m_Name: Directional Light
  m_TagString: Untagged
  m_Icon: {fileID: 0}
  m_NavMeshLayer: 0
  m_StaticEditorFlags: 0
  m_IsActive: 1
--- !u!108 &705507994
Light:
  m_ObjectHideFlags: 0
  m_CorrespondingSourceObject: {fileID: 0}
  m_PrefabInstance: {fileID: 0}
  m_PrefabAsset: {fileID: 0}
  m_GameObject: {fileID: 705507993}
  m_Enabled: 1
  serializedVersion: 10
  m_Type: 1
  m_Shape: 0
  m_Color: {r: 0.8490566, g: 0.8490566, b: 0.8490566, a: 1}
  m_Intensity: 1
  m_Range: 10
  m_SpotAngle: 30
  m_InnerSpotAngle: 21.80208
  m_CookieSize: 10
  m_Shadows:
    m_Type: 0
    m_Resolution: -1
    m_CustomResolution: -1
    m_Strength: 1
    m_Bias: 0.05
    m_NormalBias: 0.4
    m_NearPlane: 0.2
    m_CullingMatrixOverride:
      e00: 1
      e01: 0
      e02: 0
      e03: 0
      e10: 0
      e11: 1
      e12: 0
      e13: 0
      e20: 0
      e21: 0
      e22: 1
      e23: 0
      e30: 0
      e31: 0
      e32: 0
      e33: 1
    m_UseCullingMatrixOverride: 0
  m_Cookie: {fileID: 0}
  m_DrawHalo: 0
  m_Flare: {fileID: 0}
  m_RenderMode: 0
  m_CullingMask:
    serializedVersion: 2
    m_Bits: 4294967295
  m_RenderingLayerMask: 1
  m_Lightmapping: 1
  m_LightShadowCasterMode: 0
  m_AreaSize: {x: 1, y: 1}
  m_BounceIntensity: 1
  m_ColorTemperature: 6570
  m_UseColorTemperature: 0
  m_BoundingSphereOverride: {x: 0, y: 0, z: 0, w: 0}
  m_UseBoundingSphereOverride: 0
  m_ShadowRadius: 0
  m_ShadowAngle: 0
--- !u!4 &705507995
Transform:
  m_ObjectHideFlags: 0
  m_CorrespondingSourceObject: {fileID: 0}
  m_PrefabInstance: {fileID: 0}
  m_PrefabAsset: {fileID: 0}
  m_GameObject: {fileID: 705507993}
  m_LocalRotation: {x: 0.40821788, y: -0.23456968, z: 0.10938163, w: 0.8754261}
  m_LocalPosition: {x: 0, y: 10, z: -5}
  m_LocalScale: {x: 1, y: 1, z: 1}
  m_Children: []
  m_Father: {fileID: 0}
  m_RootOrder: 0
  m_LocalEulerAnglesHint: {x: 50, y: -30, z: 0}
--- !u!1 &714237169
GameObject:
  m_ObjectHideFlags: 0
  m_CorrespondingSourceObject: {fileID: 0}
  m_PrefabInstance: {fileID: 0}
  m_PrefabAsset: {fileID: 0}
  serializedVersion: 6
  m_Component:
  - component: {fileID: 714237170}
  - component: {fileID: 714237172}
  - component: {fileID: 714237171}
  m_Layer: 5
  m_Name: Cube 5
  m_TagString: Untagged
  m_Icon: {fileID: 0}
  m_NavMeshLayer: 0
  m_StaticEditorFlags: 0
  m_IsActive: 1
--- !u!224 &714237170
RectTransform:
  m_ObjectHideFlags: 0
  m_CorrespondingSourceObject: {fileID: 0}
  m_PrefabInstance: {fileID: 0}
  m_PrefabAsset: {fileID: 0}
  m_GameObject: {fileID: 714237169}
  m_LocalRotation: {x: -0, y: -0, z: 0.0064804186, w: 0.999979}
  m_LocalPosition: {x: 0, y: 0, z: 0}
  m_LocalScale: {x: 1, y: 1, z: 1}
  m_Children: []
  m_Father: {fileID: 1906543332}
  m_RootOrder: 4
  m_LocalEulerAnglesHint: {x: 0, y: 0, z: 0.74300003}
  m_AnchorMin: {x: 0.75125, y: 0.7035406}
  m_AnchorMax: {x: 0.83625, y: 0.7431892}
  m_AnchoredPosition: {x: -234, y: -347}
  m_SizeDelta: {x: -5.077423, y: 7.1019516}
  m_Pivot: {x: 0.5, y: 0.5}
--- !u!114 &714237171
MonoBehaviour:
  m_ObjectHideFlags: 0
  m_CorrespondingSourceObject: {fileID: 0}
  m_PrefabInstance: {fileID: 0}
  m_PrefabAsset: {fileID: 0}
  m_GameObject: {fileID: 714237169}
  m_Enabled: 1
  m_EditorHideFlags: 0
  m_Script: {fileID: 11500000, guid: 5f7201a12d95ffc409449d95f23cf332, type: 3}
  m_Name: 
  m_EditorClassIdentifier: 
  m_Material: {fileID: 0}
  m_Color: {r: 0.19607843, g: 0.19607843, b: 0.19607843, a: 1}
  m_RaycastTarget: 1
  m_Maskable: 1
  m_OnCullStateChanged:
    m_PersistentCalls:
      m_Calls: []
  m_FontData:
    m_Font: {fileID: 10102, guid: 0000000000000000e000000000000000, type: 0}
    m_FontSize: 40
    m_FontStyle: 1
    m_BestFit: 0
    m_MinSize: 2
    m_MaxSize: 40
    m_Alignment: 4
    m_AlignByGeometry: 0
    m_RichText: 0
    m_HorizontalOverflow: 0
    m_VerticalOverflow: 0
    m_LineSpacing: 1
  m_Text: 40
--- !u!222 &714237172
CanvasRenderer:
  m_ObjectHideFlags: 0
  m_CorrespondingSourceObject: {fileID: 0}
  m_PrefabInstance: {fileID: 0}
  m_PrefabAsset: {fileID: 0}
  m_GameObject: {fileID: 714237169}
  m_CullTransparentMesh: 0
--- !u!4 &792049145 stripped
Transform:
  m_CorrespondingSourceObject: {fileID: 4604889878454366852, guid: 20df05b0f96d5e742a05fed7e75d9c59,
    type: 3}
  m_PrefabInstance: {fileID: 4604889878875195261}
  m_PrefabAsset: {fileID: 0}
--- !u!1 &823314113
GameObject:
  m_ObjectHideFlags: 0
  m_CorrespondingSourceObject: {fileID: 0}
  m_PrefabInstance: {fileID: 0}
  m_PrefabAsset: {fileID: 0}
  serializedVersion: 6
  m_Component:
  - component: {fileID: 823314114}
  - component: {fileID: 823314116}
  - component: {fileID: 823314115}
  m_Layer: 5
  m_Name: Cube 9
  m_TagString: Untagged
  m_Icon: {fileID: 0}
  m_NavMeshLayer: 0
  m_StaticEditorFlags: 0
  m_IsActive: 1
--- !u!224 &823314114
RectTransform:
  m_ObjectHideFlags: 0
  m_CorrespondingSourceObject: {fileID: 0}
  m_PrefabInstance: {fileID: 0}
  m_PrefabAsset: {fileID: 0}
  m_GameObject: {fileID: 823314113}
  m_LocalRotation: {x: -0, y: -0, z: 0.0064804186, w: 0.999979}
  m_LocalPosition: {x: 0, y: 0, z: 0}
  m_LocalScale: {x: 1, y: 1, z: 1}
  m_Children: []
  m_Father: {fileID: 1906543332}
  m_RootOrder: 8
  m_LocalEulerAnglesHint: {x: 0, y: 0, z: 0.74300003}
  m_AnchorMin: {x: 0.75125, y: 0.7035406}
  m_AnchorMax: {x: 0.83625, y: 0.7431892}
  m_AnchoredPosition: {x: 19, y: -672}
  m_SizeDelta: {x: -5.077423, y: 7.1019516}
  m_Pivot: {x: 0.5, y: 0.5}
--- !u!114 &823314115
MonoBehaviour:
  m_ObjectHideFlags: 0
  m_CorrespondingSourceObject: {fileID: 0}
  m_PrefabInstance: {fileID: 0}
  m_PrefabAsset: {fileID: 0}
  m_GameObject: {fileID: 823314113}
  m_Enabled: 1
  m_EditorHideFlags: 0
  m_Script: {fileID: 11500000, guid: 5f7201a12d95ffc409449d95f23cf332, type: 3}
  m_Name: 
  m_EditorClassIdentifier: 
  m_Material: {fileID: 0}
  m_Color: {r: 0.19607843, g: 0.19607843, b: 0.19607843, a: 1}
  m_RaycastTarget: 1
  m_Maskable: 1
  m_OnCullStateChanged:
    m_PersistentCalls:
      m_Calls: []
  m_FontData:
    m_Font: {fileID: 10102, guid: 0000000000000000e000000000000000, type: 0}
    m_FontSize: 40
    m_FontStyle: 1
    m_BestFit: 0
    m_MinSize: 2
    m_MaxSize: 40
    m_Alignment: 4
    m_AlignByGeometry: 0
    m_RichText: 0
    m_HorizontalOverflow: 0
    m_VerticalOverflow: 0
    m_LineSpacing: 1
  m_Text: 80
--- !u!222 &823314116
CanvasRenderer:
  m_ObjectHideFlags: 0
  m_CorrespondingSourceObject: {fileID: 0}
  m_PrefabInstance: {fileID: 0}
  m_PrefabAsset: {fileID: 0}
  m_GameObject: {fileID: 823314113}
  m_CullTransparentMesh: 0
--- !u!1 &823338487
GameObject:
  m_ObjectHideFlags: 0
  m_CorrespondingSourceObject: {fileID: 0}
  m_PrefabInstance: {fileID: 0}
  m_PrefabAsset: {fileID: 0}
  serializedVersion: 6
  m_Component:
  - component: {fileID: 823338488}
  - component: {fileID: 823338490}
  - component: {fileID: 823338489}
  m_Layer: 5
  m_Name: Cube 4
  m_TagString: Untagged
  m_Icon: {fileID: 0}
  m_NavMeshLayer: 0
  m_StaticEditorFlags: 0
  m_IsActive: 1
--- !u!224 &823338488
RectTransform:
  m_ObjectHideFlags: 0
  m_CorrespondingSourceObject: {fileID: 0}
  m_PrefabInstance: {fileID: 0}
  m_PrefabAsset: {fileID: 0}
  m_GameObject: {fileID: 823338487}
  m_LocalRotation: {x: -0, y: -0, z: 0.0064804186, w: 0.999979}
  m_LocalPosition: {x: 0, y: 0, z: 0}
  m_LocalScale: {x: 1, y: 1, z: 1}
  m_Children: []
  m_Father: {fileID: 1906543332}
  m_RootOrder: 3
  m_LocalEulerAnglesHint: {x: 0, y: 0, z: 0.74300003}
  m_AnchorMin: {x: 0.75125, y: 0.7035406}
  m_AnchorMax: {x: 0.83625, y: 0.7431892}
  m_AnchoredPosition: {x: -499, y: -339}
  m_SizeDelta: {x: -5.077423, y: 7.1019516}
  m_Pivot: {x: 0.5, y: 0.5}
--- !u!114 &823338489
MonoBehaviour:
  m_ObjectHideFlags: 0
  m_CorrespondingSourceObject: {fileID: 0}
  m_PrefabInstance: {fileID: 0}
  m_PrefabAsset: {fileID: 0}
  m_GameObject: {fileID: 823338487}
  m_Enabled: 1
  m_EditorHideFlags: 0
  m_Script: {fileID: 11500000, guid: 5f7201a12d95ffc409449d95f23cf332, type: 3}
  m_Name: 
  m_EditorClassIdentifier: 
  m_Material: {fileID: 0}
  m_Color: {r: 0.19607843, g: 0.19607843, b: 0.19607843, a: 1}
  m_RaycastTarget: 1
  m_Maskable: 1
  m_OnCullStateChanged:
    m_PersistentCalls:
      m_Calls: []
  m_FontData:
    m_Font: {fileID: 10102, guid: 0000000000000000e000000000000000, type: 0}
    m_FontSize: 40
    m_FontStyle: 1
    m_BestFit: 0
    m_MinSize: 2
    m_MaxSize: 40
    m_Alignment: 4
    m_AlignByGeometry: 0
    m_RichText: 0
    m_HorizontalOverflow: 0
    m_VerticalOverflow: 0
    m_LineSpacing: 1
  m_Text: 30
--- !u!222 &823338490
CanvasRenderer:
  m_ObjectHideFlags: 0
  m_CorrespondingSourceObject: {fileID: 0}
  m_PrefabInstance: {fileID: 0}
  m_PrefabAsset: {fileID: 0}
  m_GameObject: {fileID: 823338487}
  m_CullTransparentMesh: 0
--- !u!1 &833177300
GameObject:
  m_ObjectHideFlags: 0
  m_CorrespondingSourceObject: {fileID: 0}
  m_PrefabInstance: {fileID: 0}
  m_PrefabAsset: {fileID: 0}
  serializedVersion: 6
  m_Component:
  - component: {fileID: 833177301}
  - component: {fileID: 833177303}
  - component: {fileID: 833177302}
  m_Layer: 5
  m_Name: Best Score
  m_TagString: Untagged
  m_Icon: {fileID: 0}
  m_NavMeshLayer: 0
  m_StaticEditorFlags: 0
  m_IsActive: 1
--- !u!224 &833177301
RectTransform:
  m_ObjectHideFlags: 0
  m_CorrespondingSourceObject: {fileID: 0}
  m_PrefabInstance: {fileID: 0}
  m_PrefabAsset: {fileID: 0}
  m_GameObject: {fileID: 833177300}
  m_LocalRotation: {x: 0, y: 0, z: 0, w: 1}
  m_LocalPosition: {x: 0, y: 0, z: 0}
  m_LocalScale: {x: 1, y: 1, z: 1}
  m_Children: []
  m_Father: {fileID: 1906543332}
  m_RootOrder: 10
  m_LocalEulerAnglesHint: {x: 0, y: 0, z: 0}
  m_AnchorMin: {x: 0.16875, y: 0.93270403}
  m_AnchorMax: {x: 0.93500006, y: 0.9850001}
  m_AnchoredPosition: {x: 0.2000122, y: 0.19702148}
  m_SizeDelta: {x: 0.269104, y: 2.6425247}
  m_Pivot: {x: 0.5, y: 0.5}
--- !u!114 &833177302
MonoBehaviour:
  m_ObjectHideFlags: 0
  m_CorrespondingSourceObject: {fileID: 0}
  m_PrefabInstance: {fileID: 0}
  m_PrefabAsset: {fileID: 0}
  m_GameObject: {fileID: 833177300}
  m_Enabled: 1
  m_EditorHideFlags: 0
  m_Script: {fileID: 11500000, guid: 5f7201a12d95ffc409449d95f23cf332, type: 3}
  m_Name: 
  m_EditorClassIdentifier: 
  m_Material: {fileID: 0}
  m_Color: {r: 0.19607843, g: 0.19607843, b: 0.19607843, a: 1}
  m_RaycastTarget: 1
  m_Maskable: 1
  m_OnCullStateChanged:
    m_PersistentCalls:
      m_Calls: []
  m_FontData:
    m_Font: {fileID: 10102, guid: 0000000000000000e000000000000000, type: 0}
    m_FontSize: 35
    m_FontStyle: 0
    m_BestFit: 0
    m_MinSize: 0
    m_MaxSize: 60
    m_Alignment: 4
    m_AlignByGeometry: 0
    m_RichText: 1
    m_HorizontalOverflow: 0
    m_VerticalOverflow: 0
    m_LineSpacing: 1
  m_Text: Get the best score and open new cubes
--- !u!222 &833177303
CanvasRenderer:
  m_ObjectHideFlags: 0
  m_CorrespondingSourceObject: {fileID: 0}
  m_PrefabInstance: {fileID: 0}
  m_PrefabAsset: {fileID: 0}
  m_GameObject: {fileID: 833177300}
  m_CullTransparentMesh: 0
--- !u!1 &847577885
GameObject:
  m_ObjectHideFlags: 0
  m_CorrespondingSourceObject: {fileID: 0}
  m_PrefabInstance: {fileID: 0}
  m_PrefabAsset: {fileID: 0}
  serializedVersion: 6
  m_Component:
  - component: {fileID: 847577886}
  - component: {fileID: 847577888}
  - component: {fileID: 847577887}
  m_Layer: 5
  m_Name: Cube 2
  m_TagString: Untagged
  m_Icon: {fileID: 0}
  m_NavMeshLayer: 0
  m_StaticEditorFlags: 0
  m_IsActive: 1
--- !u!224 &847577886
RectTransform:
  m_ObjectHideFlags: 0
  m_CorrespondingSourceObject: {fileID: 0}
  m_PrefabInstance: {fileID: 0}
  m_PrefabAsset: {fileID: 0}
  m_GameObject: {fileID: 847577885}
  m_LocalRotation: {x: -0, y: -0, z: 0.0064804186, w: 0.999979}
  m_LocalPosition: {x: 0, y: 0, z: 0}
  m_LocalScale: {x: 1, y: 1, z: 1}
  m_Children: []
  m_Father: {fileID: 1906543332}
  m_RootOrder: 1
  m_LocalEulerAnglesHint: {x: 0, y: 0, z: 0.74300003}
  m_AnchorMin: {x: 0.47125, y: 0.7035406}
  m_AnchorMax: {x: 0.5575, y: 0.7431892}
  m_AnchoredPosition: {x: 0, y: -3.5}
  m_SizeDelta: {x: -8.847717, y: 4}
  m_Pivot: {x: 0.5, y: 0.5}
--- !u!114 &847577887
MonoBehaviour:
  m_ObjectHideFlags: 0
  m_CorrespondingSourceObject: {fileID: 0}
  m_PrefabInstance: {fileID: 0}
  m_PrefabAsset: {fileID: 0}
  m_GameObject: {fileID: 847577885}
  m_Enabled: 1
  m_EditorHideFlags: 0
  m_Script: {fileID: 11500000, guid: 5f7201a12d95ffc409449d95f23cf332, type: 3}
  m_Name: 
  m_EditorClassIdentifier: 
  m_Material: {fileID: 0}
  m_Color: {r: 0.19607843, g: 0.19607843, b: 0.19607843, a: 1}
  m_RaycastTarget: 1
  m_Maskable: 1
  m_OnCullStateChanged:
    m_PersistentCalls:
      m_Calls: []
  m_FontData:
    m_Font: {fileID: 10102, guid: 0000000000000000e000000000000000, type: 0}
    m_FontSize: 40
    m_FontStyle: 1
    m_BestFit: 0
    m_MinSize: 2
    m_MaxSize: 40
    m_Alignment: 4
    m_AlignByGeometry: 0
    m_RichText: 1
    m_HorizontalOverflow: 0
    m_VerticalOverflow: 0
    m_LineSpacing: 1
  m_Text: 15
--- !u!222 &847577888
CanvasRenderer:
  m_ObjectHideFlags: 0
  m_CorrespondingSourceObject: {fileID: 0}
  m_PrefabInstance: {fileID: 0}
  m_PrefabAsset: {fileID: 0}
  m_GameObject: {fileID: 847577885}
  m_CullTransparentMesh: 0
--- !u!1 &931543208
GameObject:
  m_ObjectHideFlags: 0
  m_CorrespondingSourceObject: {fileID: 0}
  m_PrefabInstance: {fileID: 0}
  m_PrefabAsset: {fileID: 0}
  serializedVersion: 6
  m_Component:
  - component: {fileID: 931543209}
  - component: {fileID: 931543211}
  - component: {fileID: 931543210}
  - component: {fileID: 931543212}
  m_Layer: 0
  m_Name: Cube 1
  m_TagString: Untagged
  m_Icon: {fileID: 0}
  m_NavMeshLayer: 0
  m_StaticEditorFlags: 0
  m_IsActive: 1
--- !u!4 &931543209
Transform:
  m_ObjectHideFlags: 0
  m_CorrespondingSourceObject: {fileID: 0}
  m_PrefabInstance: {fileID: 0}
  m_PrefabAsset: {fileID: 0}
  m_GameObject: {fileID: 931543208}
  m_LocalRotation: {x: -0.34003797, y: -0.35524797, z: 0.121555746, w: 0.8622049}
  m_LocalPosition: {x: -2, y: 3.5, z: 0}
  m_LocalScale: {x: 1, y: 1, z: 1}
  m_Children: []
  m_Father: {fileID: 1823184337}
  m_RootOrder: 0
  m_LocalEulerAnglesHint: {x: -30, y: -53.4, z: 31.4}
--- !u!23 &931543210
MeshRenderer:
  m_ObjectHideFlags: 0
  m_CorrespondingSourceObject: {fileID: 0}
  m_PrefabInstance: {fileID: 0}
  m_PrefabAsset: {fileID: 0}
  m_GameObject: {fileID: 931543208}
  m_Enabled: 1
  m_CastShadows: 1
  m_ReceiveShadows: 1
  m_DynamicOccludee: 1
  m_MotionVectors: 1
  m_LightProbeUsage: 1
  m_ReflectionProbeUsage: 1
  m_RayTracingMode: 2
  m_RenderingLayerMask: 1
  m_RendererPriority: 0
  m_Materials:
  - {fileID: 2100000, guid: 032503cc05a933542987f7f26671411c, type: 2}
  m_StaticBatchInfo:
    firstSubMesh: 0
    subMeshCount: 0
  m_StaticBatchRoot: {fileID: 0}
  m_ProbeAnchor: {fileID: 0}
  m_LightProbeVolumeOverride: {fileID: 0}
  m_ScaleInLightmap: 1
  m_ReceiveGI: 1
  m_PreserveUVs: 0
  m_IgnoreNormalsForChartDetection: 0
  m_ImportantGI: 0
  m_StitchLightmapSeams: 1
  m_SelectedEditorRenderState: 3
  m_MinimumChartSize: 4
  m_AutoUVMaxDistance: 0.5
  m_AutoUVMaxAngle: 89
  m_LightmapParameters: {fileID: 0}
  m_SortingLayerID: 0
  m_SortingLayer: 0
  m_SortingOrder: 0
--- !u!33 &931543211
MeshFilter:
  m_ObjectHideFlags: 0
  m_CorrespondingSourceObject: {fileID: 0}
  m_PrefabInstance: {fileID: 0}
  m_PrefabAsset: {fileID: 0}
  m_GameObject: {fileID: 931543208}
  m_Mesh: {fileID: 10202, guid: 0000000000000000e000000000000000, type: 0}
--- !u!114 &931543212
MonoBehaviour:
  m_ObjectHideFlags: 0
  m_CorrespondingSourceObject: {fileID: 0}
  m_PrefabInstance: {fileID: 0}
  m_PrefabAsset: {fileID: 0}
  m_GameObject: {fileID: 931543208}
  m_Enabled: 1
  m_EditorHideFlags: 0
  m_Script: {fileID: 11500000, guid: 9c9bba15e7d5d4f4983869c8c87caefe, type: 3}
  m_Name: 
  m_EditorClassIdentifier: 
  closedToTheBestResult: 0
  closeMaterial: {fileID: 2100000, guid: 203ed70c540ad4a47ae99f46fe445f25, type: 2}
--- !u!4 &959245672 stripped
Transform:
  m_CorrespondingSourceObject: {fileID: 7418605575402684813, guid: 3fa93abadea13304a9864ce5900ff012,
    type: 3}
  m_PrefabInstance: {fileID: 7418605575286615269}
  m_PrefabAsset: {fileID: 0}
--- !u!1 &963194225
GameObject:
  m_ObjectHideFlags: 0
  m_CorrespondingSourceObject: {fileID: 0}
  m_PrefabInstance: {fileID: 0}
  m_PrefabAsset: {fileID: 0}
  serializedVersion: 6
  m_Component:
  - component: {fileID: 963194228}
  - component: {fileID: 963194227}
  - component: {fileID: 963194226}
  - component: {fileID: 963194229}
  m_Layer: 0
  m_Name: Main Camera
  m_TagString: MainCamera
  m_Icon: {fileID: 0}
  m_NavMeshLayer: 0
  m_StaticEditorFlags: 0
  m_IsActive: 1
--- !u!81 &963194226
AudioListener:
  m_ObjectHideFlags: 0
  m_CorrespondingSourceObject: {fileID: 0}
  m_PrefabInstance: {fileID: 0}
  m_PrefabAsset: {fileID: 0}
  m_GameObject: {fileID: 963194225}
  m_Enabled: 1
--- !u!20 &963194227
Camera:
  m_ObjectHideFlags: 0
  m_CorrespondingSourceObject: {fileID: 0}
  m_PrefabInstance: {fileID: 0}
  m_PrefabAsset: {fileID: 0}
  m_GameObject: {fileID: 963194225}
  m_Enabled: 1
  serializedVersion: 2
  m_ClearFlags: 2
  m_BackGroundColor: {r: 0.8396226, g: 0.8396226, b: 0.8396226, a: 0}
  m_projectionMatrixMode: 1
  m_GateFitMode: 2
  m_FOVAxisMode: 0
  m_SensorSize: {x: 36, y: 24}
  m_LensShift: {x: 0, y: 0}
  m_FocalLength: 50
  m_NormalizedViewPortRect:
    serializedVersion: 2
    x: 0
    y: 0
    width: 1
    height: 1
  near clip plane: 0.3
  far clip plane: 500
  field of view: 58
  orthographic: 0
  orthographic size: 5
  m_Depth: -1
  m_CullingMask:
    serializedVersion: 2
    m_Bits: 4294967295
  m_RenderingPath: -1
  m_TargetTexture: {fileID: 0}
  m_TargetDisplay: 0
  m_TargetEye: 3
  m_HDR: 1
  m_AllowMSAA: 1
  m_AllowDynamicResolution: 0
  m_ForceIntoRT: 0
  m_OcclusionCulling: 1
  m_StereoConvergence: 10
  m_StereoSeparation: 0.022
--- !u!4 &963194228
Transform:
  m_ObjectHideFlags: 0
  m_CorrespondingSourceObject: {fileID: 0}
  m_PrefabInstance: {fileID: 0}
  m_PrefabAsset: {fileID: 0}
  m_GameObject: {fileID: 963194225}
  m_LocalRotation: {x: 0, y: 0, z: 0, w: 1}
  m_LocalPosition: {x: 0, y: 0, z: -10}
  m_LocalScale: {x: 1, y: 1, z: 1}
  m_Children: []
  m_Father: {fileID: 0}
  m_RootOrder: 1
  m_LocalEulerAnglesHint: {x: 0, y: 0, z: 0}
--- !u!114 &963194229
MonoBehaviour:
  m_ObjectHideFlags: 0
  m_CorrespondingSourceObject: {fileID: 0}
  m_PrefabInstance: {fileID: 0}
  m_PrefabAsset: {fileID: 0}
  m_GameObject: {fileID: 963194225}
  m_Enabled: 1
  m_EditorHideFlags: 0
  m_Script: {fileID: 11500000, guid: 948f4100a11a5c24981795d21301da5c, type: 3}
  m_Name: 
  m_EditorClassIdentifier: 
  volumeTrigger: {fileID: 963194228}
  volumeLayer:
    serializedVersion: 2
    m_Bits: 256
  stopNaNPropagation: 1
  finalBlitToCameraTarget: 0
  antialiasingMode: 0
  temporalAntialiasing:
    jitterSpread: 0.75
    sharpness: 0.25
    stationaryBlending: 0.95
    motionBlending: 0.85
  subpixelMorphologicalAntialiasing:
    quality: 2
  fastApproximateAntialiasing:
    fastMode: 0
    keepAlpha: 0
  fog:
    enabled: 1
    excludeSkybox: 1
  debugLayer:
    lightMeter:
      width: 512
      height: 256
      showCurves: 1
    histogram:
      width: 512
      height: 256
      channel: 3
    waveform:
      exposure: 0.12
      height: 256
    vectorscope:
      size: 256
      exposure: 0.12
    overlaySettings:
      linearDepth: 0
      motionColorIntensity: 4
      motionGridSize: 64
      colorBlindnessType: 0
      colorBlindnessStrength: 1
  m_Resources: {fileID: 11400000, guid: d82512f9c8e5d4a4d938b575d47f88d4, type: 2}
  m_ShowToolkit: 0
  m_ShowCustomSorter: 0
  breakBeforeColorGrading: 0
  m_BeforeTransparentBundles: []
  m_BeforeStackBundles: []
  m_AfterStackBundles: []
--- !u!4 &1004242079 stripped
Transform:
  m_CorrespondingSourceObject: {fileID: 5517084662448482686, guid: ba45198370888a041b4ae30c77bf44e3,
    type: 3}
  m_PrefabInstance: {fileID: 5517084663155584481}
  m_PrefabAsset: {fileID: 0}
--- !u!4 &1073195491 stripped
Transform:
  m_CorrespondingSourceObject: {fileID: 8690530241178396956, guid: 7e9ca27e5e53cb74596ce9c9b697463a,
    type: 3}
  m_PrefabInstance: {fileID: 8690530240131088639}
  m_PrefabAsset: {fileID: 0}
--- !u!1 &1316371366
GameObject:
  m_ObjectHideFlags: 0
  m_CorrespondingSourceObject: {fileID: 0}
  m_PrefabInstance: {fileID: 0}
  m_PrefabAsset: {fileID: 0}
  serializedVersion: 6
  m_Component:
  - component: {fileID: 1316371367}
  - component: {fileID: 1316371369}
  - component: {fileID: 1316371368}
  m_Layer: 5
  m_Name: Cube 7
  m_TagString: Untagged
  m_Icon: {fileID: 0}
  m_NavMeshLayer: 0
  m_StaticEditorFlags: 0
  m_IsActive: 1
--- !u!224 &1316371367
RectTransform:
  m_ObjectHideFlags: 0
  m_CorrespondingSourceObject: {fileID: 0}
  m_PrefabInstance: {fileID: 0}
  m_PrefabAsset: {fileID: 0}
  m_GameObject: {fileID: 1316371366}
  m_LocalRotation: {x: -0, y: -0, z: 0.0064804186, w: 0.999979}
  m_LocalPosition: {x: 0, y: 0, z: 0}
  m_LocalScale: {x: 1, y: 1, z: 1}
  m_Children: []
  m_Father: {fileID: 1906543332}
  m_RootOrder: 6
  m_LocalEulerAnglesHint: {x: 0, y: 0, z: 0.74300003}
  m_AnchorMin: {x: 0.75125, y: 0.7035406}
  m_AnchorMax: {x: 0.83625, y: 0.7431892}
  m_AnchoredPosition: {x: -489, y: -679}
  m_SizeDelta: {x: -5.077423, y: 7.1019516}
  m_Pivot: {x: 0.5, y: 0.5}
--- !u!114 &1316371368
MonoBehaviour:
  m_ObjectHideFlags: 0
  m_CorrespondingSourceObject: {fileID: 0}
  m_PrefabInstance: {fileID: 0}
  m_PrefabAsset: {fileID: 0}
  m_GameObject: {fileID: 1316371366}
  m_Enabled: 1
  m_EditorHideFlags: 0
  m_Script: {fileID: 11500000, guid: 5f7201a12d95ffc409449d95f23cf332, type: 3}
  m_Name: 
  m_EditorClassIdentifier: 
  m_Material: {fileID: 0}
  m_Color: {r: 0.19607843, g: 0.19607843, b: 0.19607843, a: 1}
  m_RaycastTarget: 1
  m_Maskable: 1
  m_OnCullStateChanged:
    m_PersistentCalls:
      m_Calls: []
  m_FontData:
    m_Font: {fileID: 10102, guid: 0000000000000000e000000000000000, type: 0}
    m_FontSize: 40
    m_FontStyle: 1
    m_BestFit: 0
    m_MinSize: 2
    m_MaxSize: 40
    m_Alignment: 4
    m_AlignByGeometry: 0
    m_RichText: 0
    m_HorizontalOverflow: 0
    m_VerticalOverflow: 0
    m_LineSpacing: 1
  m_Text: 60
--- !u!222 &1316371369
CanvasRenderer:
  m_ObjectHideFlags: 0
  m_CorrespondingSourceObject: {fileID: 0}
  m_PrefabInstance: {fileID: 0}
  m_PrefabAsset: {fileID: 0}
  m_GameObject: {fileID: 1316371366}
  m_CullTransparentMesh: 0
--- !u!4 &1461430481 stripped
Transform:
  m_CorrespondingSourceObject: {fileID: 6704877950621901096, guid: 1407f15a6b26cc642ad0ccfb6a0f195f,
    type: 3}
  m_PrefabInstance: {fileID: 6704877949229812217}
  m_PrefabAsset: {fileID: 0}
--- !u!1 &1682900333
GameObject:
  m_ObjectHideFlags: 0
  m_CorrespondingSourceObject: {fileID: 0}
  m_PrefabInstance: {fileID: 0}
  m_PrefabAsset: {fileID: 0}
  serializedVersion: 6
  m_Component:
  - component: {fileID: 1682900334}
  - component: {fileID: 1682900336}
  - component: {fileID: 1682900335}
  m_Layer: 5
  m_Name: Cube 10
  m_TagString: Untagged
  m_Icon: {fileID: 0}
  m_NavMeshLayer: 0
  m_StaticEditorFlags: 0
  m_IsActive: 1
--- !u!224 &1682900334
RectTransform:
  m_ObjectHideFlags: 0
  m_CorrespondingSourceObject: {fileID: 0}
  m_PrefabInstance: {fileID: 0}
  m_PrefabAsset: {fileID: 0}
  m_GameObject: {fileID: 1682900333}
  m_LocalRotation: {x: -0, y: -0, z: 0.0064804186, w: 0.999979}
  m_LocalPosition: {x: 0, y: 0, z: 0}
  m_LocalScale: {x: 1, y: 1, z: 1}
  m_Children: []
  m_Father: {fileID: 1906543332}
  m_RootOrder: 9
  m_LocalEulerAnglesHint: {x: 0, y: 0, z: 0.74300003}
  m_AnchorMin: {x: 0.75125, y: 0.7035406}
  m_AnchorMax: {x: 0.83625, y: 0.7431892}
  m_AnchoredPosition: {x: -232, y: -974}
  m_SizeDelta: {x: -5.077423, y: 7.1019516}
  m_Pivot: {x: 0.5, y: 0.5}
--- !u!114 &1682900335
MonoBehaviour:
  m_ObjectHideFlags: 0
  m_CorrespondingSourceObject: {fileID: 0}
  m_PrefabInstance: {fileID: 0}
  m_PrefabAsset: {fileID: 0}
  m_GameObject: {fileID: 1682900333}
  m_Enabled: 1
  m_EditorHideFlags: 0
  m_Script: {fileID: 11500000, guid: 5f7201a12d95ffc409449d95f23cf332, type: 3}
  m_Name: 
  m_EditorClassIdentifier: 
  m_Material: {fileID: 0}
  m_Color: {r: 0.19607843, g: 0.19607843, b: 0.19607843, a: 1}
  m_RaycastTarget: 1
  m_Maskable: 1
  m_OnCullStateChanged:
    m_PersistentCalls:
      m_Calls: []
  m_FontData:
    m_Font: {fileID: 10102, guid: 0000000000000000e000000000000000, type: 0}
    m_FontSize: 40
    m_FontStyle: 1
    m_BestFit: 0
    m_MinSize: 2
    m_MaxSize: 40
    m_Alignment: 4
    m_AlignByGeometry: 0
    m_RichText: 0
    m_HorizontalOverflow: 0
    m_VerticalOverflow: 0
    m_LineSpacing: 1
  m_Text: 100
--- !u!222 &1682900336
CanvasRenderer:
  m_ObjectHideFlags: 0
  m_CorrespondingSourceObject: {fileID: 0}
  m_PrefabInstance: {fileID: 0}
  m_PrefabAsset: {fileID: 0}
  m_GameObject: {fileID: 1682900333}
  m_CullTransparentMesh: 0
--- !u!1 &1781666468
GameObject:
  m_ObjectHideFlags: 0
  m_CorrespondingSourceObject: {fileID: 0}
  m_PrefabInstance: {fileID: 0}
  m_PrefabAsset: {fileID: 0}
  serializedVersion: 6
  m_Component:
  - component: {fileID: 1781666470}
  - component: {fileID: 1781666469}
  m_Layer: 8
  m_Name: Post Processing
  m_TagString: Untagged
  m_Icon: {fileID: 0}
  m_NavMeshLayer: 0
  m_StaticEditorFlags: 0
  m_IsActive: 1
--- !u!114 &1781666469
MonoBehaviour:
  m_ObjectHideFlags: 0
  m_CorrespondingSourceObject: {fileID: 0}
  m_PrefabInstance: {fileID: 0}
  m_PrefabAsset: {fileID: 0}
  m_GameObject: {fileID: 1781666468}
  m_Enabled: 1
  m_EditorHideFlags: 0
  m_Script: {fileID: 11500000, guid: 8b9a305e18de0c04dbd257a21cd47087, type: 3}
  m_Name: 
  m_EditorClassIdentifier: 
  sharedProfile: {fileID: 11400000, guid: cda80dbddabfc014d8dbfb34b79552bd, type: 2}
  isGlobal: 1
  blendDistance: 0
  weight: 1
  priority: 0
--- !u!4 &1781666470
Transform:
  m_ObjectHideFlags: 0
  m_CorrespondingSourceObject: {fileID: 0}
  m_PrefabInstance: {fileID: 0}
  m_PrefabAsset: {fileID: 0}
  m_GameObject: {fileID: 1781666468}
  m_LocalRotation: {x: 0.03493321, y: -0.008492514, z: 0.00045333905, w: 0.99935347}
  m_LocalPosition: {x: 0, y: 0, z: 0}
  m_LocalScale: {x: 1, y: 1, z: 1}
  m_Children: []
  m_Father: {fileID: 0}
  m_RootOrder: 2
  m_LocalEulerAnglesHint: {x: 4.004, y: -0.97300005, z: 0.018000001}
--- !u!1 &1800220570
GameObject:
  m_ObjectHideFlags: 0
  m_CorrespondingSourceObject: {fileID: 0}
  m_PrefabInstance: {fileID: 0}
  m_PrefabAsset: {fileID: 0}
  serializedVersion: 6
  m_Component:
  - component: {fileID: 1800220571}
  - component: {fileID: 1800220573}
  - component: {fileID: 1800220572}
  m_Layer: 5
  m_Name: Cube 3
  m_TagString: Untagged
  m_Icon: {fileID: 0}
  m_NavMeshLayer: 0
  m_StaticEditorFlags: 0
  m_IsActive: 1
--- !u!224 &1800220571
RectTransform:
  m_ObjectHideFlags: 0
  m_CorrespondingSourceObject: {fileID: 0}
  m_PrefabInstance: {fileID: 0}
  m_PrefabAsset: {fileID: 0}
  m_GameObject: {fileID: 1800220570}
  m_LocalRotation: {x: -0, y: -0, z: 0.0064804186, w: 0.999979}
  m_LocalPosition: {x: 0, y: 0, z: 0}
  m_LocalScale: {x: 1, y: 1, z: 1}
  m_Children: []
  m_Father: {fileID: 1906543332}
  m_RootOrder: 2
  m_LocalEulerAnglesHint: {x: 0, y: 0, z: 0.74300003}
  m_AnchorMin: {x: 0.75125, y: 0.7035406}
  m_AnchorMax: {x: 0.83625, y: 0.7431892}
  m_AnchoredPosition: {x: -3.5, y: -1.5}
  m_SizeDelta: {x: -5.077423, y: 7.1019516}
  m_Pivot: {x: 0.5, y: 0.5}
--- !u!114 &1800220572
MonoBehaviour:
  m_ObjectHideFlags: 0
  m_CorrespondingSourceObject: {fileID: 0}
  m_PrefabInstance: {fileID: 0}
  m_PrefabAsset: {fileID: 0}
  m_GameObject: {fileID: 1800220570}
  m_Enabled: 1
  m_EditorHideFlags: 0
  m_Script: {fileID: 11500000, guid: 5f7201a12d95ffc409449d95f23cf332, type: 3}
  m_Name: 
  m_EditorClassIdentifier: 
  m_Material: {fileID: 0}
  m_Color: {r: 0.19607843, g: 0.19607843, b: 0.19607843, a: 1}
  m_RaycastTarget: 1
  m_Maskable: 1
  m_OnCullStateChanged:
    m_PersistentCalls:
      m_Calls: []
  m_FontData:
    m_Font: {fileID: 10102, guid: 0000000000000000e000000000000000, type: 0}
    m_FontSize: 40
    m_FontStyle: 1
    m_BestFit: 0
    m_MinSize: 2
    m_MaxSize: 40
    m_Alignment: 4
    m_AlignByGeometry: 0
    m_RichText: 0
    m_HorizontalOverflow: 0
    m_VerticalOverflow: 0
    m_LineSpacing: 1
  m_Text: 20
--- !u!222 &1800220573
CanvasRenderer:
  m_ObjectHideFlags: 0
  m_CorrespondingSourceObject: {fileID: 0}
  m_PrefabInstance: {fileID: 0}
  m_PrefabAsset: {fileID: 0}
  m_GameObject: {fileID: 1800220570}
  m_CullTransparentMesh: 0
--- !u!1 &1823184336
GameObject:
  m_ObjectHideFlags: 0
  m_CorrespondingSourceObject: {fileID: 0}
  m_PrefabInstance: {fileID: 0}
  m_PrefabAsset: {fileID: 0}
  serializedVersion: 6
  m_Component:
  - component: {fileID: 1823184337}
  m_Layer: 0
  m_Name: All Cubes
  m_TagString: Untagged
  m_Icon: {fileID: 0}
  m_NavMeshLayer: 0
  m_StaticEditorFlags: 0
  m_IsActive: 1
--- !u!4 &1823184337
Transform:
  m_ObjectHideFlags: 0
  m_CorrespondingSourceObject: {fileID: 0}
  m_PrefabInstance: {fileID: 0}
  m_PrefabAsset: {fileID: 0}
  m_GameObject: {fileID: 1823184336}
  m_LocalRotation: {x: 0, y: 0, z: 0, w: 1}
  m_LocalPosition: {x: 0, y: 0, z: 0}
  m_LocalScale: {x: 1, y: 1, z: 1}
  m_Children:
  - {fileID: 931543209}
  - {fileID: 1461430481}
  - {fileID: 1865854002}
  - {fileID: 2111436573}
  - {fileID: 792049145}
  - {fileID: 202331009}
  - {fileID: 959245672}
  - {fileID: 1073195491}
  - {fileID: 1004242079}
  - {fileID: 542696188}
  m_Father: {fileID: 0}
  m_RootOrder: 5
  m_LocalEulerAnglesHint: {x: 0, y: 0, z: 0}
--- !u!1 &1857961034
GameObject:
  m_ObjectHideFlags: 0
  m_CorrespondingSourceObject: {fileID: 0}
  m_PrefabInstance: {fileID: 0}
  m_PrefabAsset: {fileID: 0}
  serializedVersion: 6
  m_Component:
  - component: {fileID: 1857961037}
  - component: {fileID: 1857961036}
  - component: {fileID: 1857961035}
  m_Layer: 0
  m_Name: EventSystem
  m_TagString: Untagged
  m_Icon: {fileID: 0}
  m_NavMeshLayer: 0
  m_StaticEditorFlags: 0
  m_IsActive: 1
--- !u!114 &1857961035
MonoBehaviour:
  m_ObjectHideFlags: 0
  m_CorrespondingSourceObject: {fileID: 0}
  m_PrefabInstance: {fileID: 0}
  m_PrefabAsset: {fileID: 0}
  m_GameObject: {fileID: 1857961034}
  m_Enabled: 1
  m_EditorHideFlags: 0
  m_Script: {fileID: 11500000, guid: 4f231c4fb786f3946a6b90b886c48677, type: 3}
  m_Name: 
  m_EditorClassIdentifier: 
  m_HorizontalAxis: Horizontal
  m_VerticalAxis: Vertical
  m_SubmitButton: Submit
  m_CancelButton: Cancel
  m_InputActionsPerSecond: 10
  m_RepeatDelay: 0.5
  m_ForceModuleActive: 0
--- !u!114 &1857961036
MonoBehaviour:
  m_ObjectHideFlags: 0
  m_CorrespondingSourceObject: {fileID: 0}
  m_PrefabInstance: {fileID: 0}
  m_PrefabAsset: {fileID: 0}
  m_GameObject: {fileID: 1857961034}
  m_Enabled: 1
  m_EditorHideFlags: 0
  m_Script: {fileID: 11500000, guid: 76c392e42b5098c458856cdf6ecaaaa1, type: 3}
  m_Name: 
  m_EditorClassIdentifier: 
  m_FirstSelected: {fileID: 0}
  m_sendNavigationEvents: 1
  m_DragThreshold: 10
--- !u!4 &1857961037
Transform:
  m_ObjectHideFlags: 0
  m_CorrespondingSourceObject: {fileID: 0}
  m_PrefabInstance: {fileID: 0}
  m_PrefabAsset: {fileID: 0}
  m_GameObject: {fileID: 1857961034}
  m_LocalRotation: {x: 0, y: 0, z: 0, w: 1}
  m_LocalPosition: {x: 0, y: 0, z: 0}
  m_LocalScale: {x: 1, y: 1, z: 1}
  m_Children: []
  m_Father: {fileID: 0}
  m_RootOrder: 4
  m_LocalEulerAnglesHint: {x: 0, y: 0, z: 0}
--- !u!4 &1865854002 stripped
Transform:
  m_CorrespondingSourceObject: {fileID: 7395847020371147568, guid: 22b390a34e1bb204d9430a001abe653c,
    type: 3}
  m_PrefabInstance: {fileID: 7395847021764859650}
  m_PrefabAsset: {fileID: 0}
--- !u!1 &1906543328
GameObject:
  m_ObjectHideFlags: 0
  m_CorrespondingSourceObject: {fileID: 0}
  m_PrefabInstance: {fileID: 0}
  m_PrefabAsset: {fileID: 0}
  serializedVersion: 6
  m_Component:
  - component: {fileID: 1906543332}
  - component: {fileID: 1906543331}
  - component: {fileID: 1906543330}
  - component: {fileID: 1906543329}
  m_Layer: 5
  m_Name: Canvas
  m_TagString: Untagged
  m_Icon: {fileID: 0}
  m_NavMeshLayer: 0
  m_StaticEditorFlags: 0
  m_IsActive: 1
--- !u!114 &1906543329
MonoBehaviour:
  m_ObjectHideFlags: 0
  m_CorrespondingSourceObject: {fileID: 0}
  m_PrefabInstance: {fileID: 0}
  m_PrefabAsset: {fileID: 0}
  m_GameObject: {fileID: 1906543328}
  m_Enabled: 1
  m_EditorHideFlags: 0
  m_Script: {fileID: 11500000, guid: dc42784cf147c0c48a680349fa168899, type: 3}
  m_Name: 
  m_EditorClassIdentifier: 
  m_IgnoreReversedGraphics: 1
  m_BlockingObjects: 0
  m_BlockingMask:
    serializedVersion: 2
    m_Bits: 4294967295
--- !u!114 &1906543330
MonoBehaviour:
  m_ObjectHideFlags: 0
  m_CorrespondingSourceObject: {fileID: 0}
  m_PrefabInstance: {fileID: 0}
  m_PrefabAsset: {fileID: 0}
  m_GameObject: {fileID: 1906543328}
  m_Enabled: 1
  m_EditorHideFlags: 0
  m_Script: {fileID: 11500000, guid: 0cd44c1031e13a943bb63640046fad76, type: 3}
  m_Name: 
  m_EditorClassIdentifier: 
  m_UiScaleMode: 1
  m_ReferencePixelsPerUnit: 100
  m_ScaleFactor: 1
  m_ReferenceResolution: {x: 800, y: 600}
  m_ScreenMatchMode: 0
  m_MatchWidthOrHeight: 0
  m_PhysicalUnit: 3
  m_FallbackScreenDPI: 96
  m_DefaultSpriteDPI: 96
  m_DynamicPixelsPerUnit: 1
--- !u!223 &1906543331
Canvas:
  m_ObjectHideFlags: 0
  m_CorrespondingSourceObject: {fileID: 0}
  m_PrefabInstance: {fileID: 0}
  m_PrefabAsset: {fileID: 0}
  m_GameObject: {fileID: 1906543328}
  m_Enabled: 1
  serializedVersion: 3
  m_RenderMode: 1
  m_Camera: {fileID: 963194227}
  m_PlaneDistance: 1
  m_PixelPerfect: 0
  m_ReceivesEvents: 1
  m_OverrideSorting: 0
  m_OverridePixelPerfect: 0
  m_SortingBucketNormalizedSize: 0
  m_AdditionalShaderChannelsFlag: 0
  m_SortingLayerID: 0
  m_SortingOrder: 0
  m_TargetDisplay: 0
--- !u!224 &1906543332
RectTransform:
  m_ObjectHideFlags: 0
  m_CorrespondingSourceObject: {fileID: 0}
  m_PrefabInstance: {fileID: 0}
  m_PrefabAsset: {fileID: 0}
  m_GameObject: {fileID: 1906543328}
  m_LocalRotation: {x: 0, y: 0, z: 0, w: 1}
  m_LocalPosition: {x: 0, y: 0, z: 0}
  m_LocalScale: {x: 0, y: 0, z: 0}
  m_Children:
  - {fileID: 302228580}
  - {fileID: 847577886}
  - {fileID: 1800220571}
  - {fileID: 823338488}
  - {fileID: 714237170}
  - {fileID: 311470550}
  - {fileID: 1316371367}
  - {fileID: 382325566}
  - {fileID: 823314114}
  - {fileID: 1682900334}
  - {fileID: 833177301}
  m_Father: {fileID: 0}
  m_RootOrder: 3
  m_LocalEulerAnglesHint: {x: 0, y: 0, z: 0}
  m_AnchorMin: {x: 0, y: 0}
  m_AnchorMax: {x: 0, y: 0}
  m_AnchoredPosition: {x: 0, y: 0}
  m_SizeDelta: {x: 0, y: 0}
  m_Pivot: {x: 0, y: 0}
--- !u!4 &2111436573 stripped
Transform:
  m_CorrespondingSourceObject: {fileID: 8039534394467456723, guid: 7576b3ac9122e644a8939e792d5d9dc4,
    type: 3}
  m_PrefabInstance: {fileID: 8039534394506830286}
  m_PrefabAsset: {fileID: 0}
--- !u!1001 &1714225354093042510
PrefabInstance:
  m_ObjectHideFlags: 0
  serializedVersion: 2
  m_Modification:
    m_TransformParent: {fileID: 1823184337}
    m_Modifications:
    - target: {fileID: 1714225353890744526, guid: 3f499a6f536b8454fb2dcc99678cd609,
        type: 3}
      propertyPath: m_Name
      value: Cube 6
      objectReference: {fileID: 0}
    - target: {fileID: 1714225353890744527, guid: 3f499a6f536b8454fb2dcc99678cd609,
        type: 3}
      propertyPath: m_LocalPosition.x
      value: 2
      objectReference: {fileID: 0}
    - target: {fileID: 1714225353890744527, guid: 3f499a6f536b8454fb2dcc99678cd609,
        type: 3}
      propertyPath: m_LocalPosition.y
      value: 1
      objectReference: {fileID: 0}
    - target: {fileID: 1714225353890744527, guid: 3f499a6f536b8454fb2dcc99678cd609,
        type: 3}
      propertyPath: m_LocalPosition.z
      value: 0
      objectReference: {fileID: 0}
    - target: {fileID: 1714225353890744527, guid: 3f499a6f536b8454fb2dcc99678cd609,
        type: 3}
      propertyPath: m_LocalRotation.x
      value: -0.09710493
      objectReference: {fileID: 0}
    - target: {fileID: 1714225353890744527, guid: 3f499a6f536b8454fb2dcc99678cd609,
        type: 3}
      propertyPath: m_LocalRotation.y
      value: -0.27678677
      objectReference: {fileID: 0}
    - target: {fileID: 1714225353890744527, guid: 3f499a6f536b8454fb2dcc99678cd609,
        type: 3}
      propertyPath: m_LocalRotation.z
      value: 0.21137288
      objectReference: {fileID: 0}
    - target: {fileID: 1714225353890744527, guid: 3f499a6f536b8454fb2dcc99678cd609,
        type: 3}
      propertyPath: m_LocalRotation.w
      value: 0.93235254
      objectReference: {fileID: 0}
    - target: {fileID: 1714225353890744527, guid: 3f499a6f536b8454fb2dcc99678cd609,
        type: 3}
      propertyPath: m_RootOrder
      value: 5
      objectReference: {fileID: 0}
    - target: {fileID: 1714225353890744527, guid: 3f499a6f536b8454fb2dcc99678cd609,
        type: 3}
      propertyPath: m_LocalEulerAnglesHint.x
      value: -3.673
      objectReference: {fileID: 0}
    - target: {fileID: 1714225353890744527, guid: 3f499a6f536b8454fb2dcc99678cd609,
        type: 3}
      propertyPath: m_LocalEulerAnglesHint.y
      value: -33.940002
      objectReference: {fileID: 0}
    - target: {fileID: 1714225353890744527, guid: 3f499a6f536b8454fb2dcc99678cd609,
        type: 3}
      propertyPath: m_LocalEulerAnglesHint.z
      value: 26.668001
      objectReference: {fileID: 0}
    m_RemovedComponents:
    - {fileID: 6348860111759452996, guid: 3f499a6f536b8454fb2dcc99678cd609, type: 3}
  m_SourcePrefab: {fileID: 100100000, guid: 3f499a6f536b8454fb2dcc99678cd609, type: 3}
--- !u!1 &1714225354093042511 stripped
GameObject:
  m_CorrespondingSourceObject: {fileID: 1714225353890744526, guid: 3f499a6f536b8454fb2dcc99678cd609,
    type: 3}
  m_PrefabInstance: {fileID: 1714225354093042510}
  m_PrefabAsset: {fileID: 0}
--- !u!114 &1714225354093042512
MonoBehaviour:
  m_ObjectHideFlags: 0
  m_CorrespondingSourceObject: {fileID: 0}
  m_PrefabInstance: {fileID: 0}
  m_PrefabAsset: {fileID: 0}
  m_GameObject: {fileID: 1714225354093042511}
  m_Enabled: 1
  m_EditorHideFlags: 0
  m_Script: {fileID: 11500000, guid: 9c9bba15e7d5d4f4983869c8c87caefe, type: 3}
  m_Name: 
  m_EditorClassIdentifier: 
  closedToTheBestResult: 50
  closeMaterial: {fileID: 2100000, guid: 203ed70c540ad4a47ae99f46fe445f25, type: 2}
--- !u!1001 &4604889878875195261
PrefabInstance:
  m_ObjectHideFlags: 0
  serializedVersion: 2
  m_Modification:
    m_TransformParent: {fileID: 1823184337}
    m_Modifications:
    - target: {fileID: 4604889878454366852, guid: 20df05b0f96d5e742a05fed7e75d9c59,
        type: 3}
      propertyPath: m_LocalPosition.x
      value: 0
      objectReference: {fileID: 0}
    - target: {fileID: 4604889878454366852, guid: 20df05b0f96d5e742a05fed7e75d9c59,
        type: 3}
      propertyPath: m_LocalPosition.y
      value: 1
      objectReference: {fileID: 0}
    - target: {fileID: 4604889878454366852, guid: 20df05b0f96d5e742a05fed7e75d9c59,
        type: 3}
      propertyPath: m_LocalPosition.z
      value: 0
      objectReference: {fileID: 0}
    - target: {fileID: 4604889878454366852, guid: 20df05b0f96d5e742a05fed7e75d9c59,
        type: 3}
      propertyPath: m_LocalRotation.x
      value: -0.43783596
      objectReference: {fileID: 0}
    - target: {fileID: 4604889878454366852, guid: 20df05b0f96d5e742a05fed7e75d9c59,
        type: 3}
      propertyPath: m_LocalRotation.y
      value: -0.36695784
      objectReference: {fileID: 0}
    - target: {fileID: 4604889878454366852, guid: 20df05b0f96d5e742a05fed7e75d9c59,
        type: 3}
      propertyPath: m_LocalRotation.z
      value: 0.07949147
      objectReference: {fileID: 0}
    - target: {fileID: 4604889878454366852, guid: 20df05b0f96d5e742a05fed7e75d9c59,
        type: 3}
      propertyPath: m_LocalRotation.w
      value: 0.8168983
      objectReference: {fileID: 0}
    - target: {fileID: 4604889878454366852, guid: 20df05b0f96d5e742a05fed7e75d9c59,
        type: 3}
      propertyPath: m_RootOrder
      value: 4
      objectReference: {fileID: 0}
    - target: {fileID: 4604889878454366852, guid: 20df05b0f96d5e742a05fed7e75d9c59,
        type: 3}
      propertyPath: m_LocalEulerAnglesHint.x
      value: -41.071003
      objectReference: {fileID: 0}
    - target: {fileID: 4604889878454366852, guid: 20df05b0f96d5e742a05fed7e75d9c59,
        type: 3}
      propertyPath: m_LocalEulerAnglesHint.y
      value: -62.571003
      objectReference: {fileID: 0}
    - target: {fileID: 4604889878454366852, guid: 20df05b0f96d5e742a05fed7e75d9c59,
        type: 3}
      propertyPath: m_LocalEulerAnglesHint.z
      value: 36.763
      objectReference: {fileID: 0}
    - target: {fileID: 4604889878454366853, guid: 20df05b0f96d5e742a05fed7e75d9c59,
        type: 3}
      propertyPath: m_Name
      value: Cube 5
      objectReference: {fileID: 0}
    m_RemovedComponents:
    - {fileID: 8543665121382864394, guid: 20df05b0f96d5e742a05fed7e75d9c59, type: 3}
  m_SourcePrefab: {fileID: 100100000, guid: 20df05b0f96d5e742a05fed7e75d9c59, type: 3}
--- !u!1 &4604889878875195262 stripped
GameObject:
  m_CorrespondingSourceObject: {fileID: 4604889878454366853, guid: 20df05b0f96d5e742a05fed7e75d9c59,
    type: 3}
  m_PrefabInstance: {fileID: 4604889878875195261}
  m_PrefabAsset: {fileID: 0}
--- !u!114 &4604889878875195263
MonoBehaviour:
  m_ObjectHideFlags: 0
  m_CorrespondingSourceObject: {fileID: 0}
  m_PrefabInstance: {fileID: 0}
  m_PrefabAsset: {fileID: 0}
  m_GameObject: {fileID: 4604889878875195262}
  m_Enabled: 1
  m_EditorHideFlags: 0
  m_Script: {fileID: 11500000, guid: 9c9bba15e7d5d4f4983869c8c87caefe, type: 3}
  m_Name: 
  m_EditorClassIdentifier: 
  closedToTheBestResult: 40
  closeMaterial: {fileID: 2100000, guid: 203ed70c540ad4a47ae99f46fe445f25, type: 2}
--- !u!1001 &5517084663155584481
PrefabInstance:
  m_ObjectHideFlags: 0
  serializedVersion: 2
  m_Modification:
    m_TransformParent: {fileID: 1823184337}
    m_Modifications:
    - target: {fileID: 5517084662448482686, guid: ba45198370888a041b4ae30c77bf44e3,
        type: 3}
      propertyPath: m_LocalPosition.x
      value: 2
      objectReference: {fileID: 0}
    - target: {fileID: 5517084662448482686, guid: ba45198370888a041b4ae30c77bf44e3,
        type: 3}
      propertyPath: m_LocalPosition.y
      value: -1.5
      objectReference: {fileID: 0}
    - target: {fileID: 5517084662448482686, guid: ba45198370888a041b4ae30c77bf44e3,
        type: 3}
      propertyPath: m_LocalPosition.z
      value: 0
      objectReference: {fileID: 0}
    - target: {fileID: 5517084662448482686, guid: ba45198370888a041b4ae30c77bf44e3,
        type: 3}
      propertyPath: m_LocalRotation.x
      value: -0.11024546
      objectReference: {fileID: 0}
    - target: {fileID: 5517084662448482686, guid: ba45198370888a041b4ae30c77bf44e3,
        type: 3}
      propertyPath: m_LocalRotation.y
      value: -0.47843084
      objectReference: {fileID: 0}
    - target: {fileID: 5517084662448482686, guid: ba45198370888a041b4ae30c77bf44e3,
        type: 3}
      propertyPath: m_LocalRotation.z
      value: -0.08835239
      objectReference: {fileID: 0}
    - target: {fileID: 5517084662448482686, guid: ba45198370888a041b4ae30c77bf44e3,
        type: 3}
      propertyPath: m_LocalRotation.w
      value: 0.8666855
      objectReference: {fileID: 0}
    - target: {fileID: 5517084662448482686, guid: ba45198370888a041b4ae30c77bf44e3,
        type: 3}
      propertyPath: m_RootOrder
      value: 8
      objectReference: {fileID: 0}
    - target: {fileID: 5517084662448482686, guid: ba45198370888a041b4ae30c77bf44e3,
        type: 3}
      propertyPath: m_LocalEulerAnglesHint.x
      value: -16
      objectReference: {fileID: 0}
    - target: {fileID: 5517084662448482686, guid: ba45198370888a041b4ae30c77bf44e3,
        type: 3}
      propertyPath: m_LocalEulerAnglesHint.y
      value: -57.4
      objectReference: {fileID: 0}
    - target: {fileID: 5517084662448482686, guid: ba45198370888a041b4ae30c77bf44e3,
        type: 3}
      propertyPath: m_LocalEulerAnglesHint.z
      value: -2.8420002
      objectReference: {fileID: 0}
    - target: {fileID: 5517084662448482687, guid: ba45198370888a041b4ae30c77bf44e3,
        type: 3}
      propertyPath: m_Name
      value: Cube 9
      objectReference: {fileID: 0}
    m_RemovedComponents:
    - {fileID: 6426599453667091062, guid: ba45198370888a041b4ae30c77bf44e3, type: 3}
  m_SourcePrefab: {fileID: 100100000, guid: ba45198370888a041b4ae30c77bf44e3, type: 3}
--- !u!1 &5517084663155584482 stripped
GameObject:
  m_CorrespondingSourceObject: {fileID: 5517084662448482687, guid: ba45198370888a041b4ae30c77bf44e3,
    type: 3}
  m_PrefabInstance: {fileID: 5517084663155584481}
  m_PrefabAsset: {fileID: 0}
--- !u!114 &5517084663155584483
MonoBehaviour:
  m_ObjectHideFlags: 0
  m_CorrespondingSourceObject: {fileID: 0}
  m_PrefabInstance: {fileID: 0}
  m_PrefabAsset: {fileID: 0}
  m_GameObject: {fileID: 5517084663155584482}
  m_Enabled: 1
  m_EditorHideFlags: 0
  m_Script: {fileID: 11500000, guid: 9c9bba15e7d5d4f4983869c8c87caefe, type: 3}
  m_Name: 
  m_EditorClassIdentifier: 
  closedToTheBestResult: 80
  closeMaterial: {fileID: 2100000, guid: 203ed70c540ad4a47ae99f46fe445f25, type: 2}
--- !u!1001 &6704877949229812217
PrefabInstance:
  m_ObjectHideFlags: 0
  serializedVersion: 2
  m_Modification:
    m_TransformParent: {fileID: 1823184337}
    m_Modifications:
    - target: {fileID: 6704877950621901096, guid: 1407f15a6b26cc642ad0ccfb6a0f195f,
        type: 3}
      propertyPath: m_LocalPosition.x
      value: 0
      objectReference: {fileID: 0}
    - target: {fileID: 6704877950621901096, guid: 1407f15a6b26cc642ad0ccfb6a0f195f,
        type: 3}
      propertyPath: m_LocalPosition.y
      value: 3.5
      objectReference: {fileID: 0}
    - target: {fileID: 6704877950621901096, guid: 1407f15a6b26cc642ad0ccfb6a0f195f,
        type: 3}
      propertyPath: m_LocalPosition.z
      value: 0
      objectReference: {fileID: 0}
    - target: {fileID: 6704877950621901096, guid: 1407f15a6b26cc642ad0ccfb6a0f195f,
        type: 3}
      propertyPath: m_LocalRotation.x
      value: -0.47438577
      objectReference: {fileID: 0}
    - target: {fileID: 6704877950621901096, guid: 1407f15a6b26cc642ad0ccfb6a0f195f,
        type: 3}
      propertyPath: m_LocalRotation.y
      value: -0.37018156
      objectReference: {fileID: 0}
    - target: {fileID: 6704877950621901096, guid: 1407f15a6b26cc642ad0ccfb6a0f195f,
        type: 3}
      propertyPath: m_LocalRotation.z
      value: 0.06278954
      objectReference: {fileID: 0}
    - target: {fileID: 6704877950621901096, guid: 1407f15a6b26cc642ad0ccfb6a0f195f,
        type: 3}
      propertyPath: m_LocalRotation.w
      value: 0.7962294
      objectReference: {fileID: 0}
    - target: {fileID: 6704877950621901096, guid: 1407f15a6b26cc642ad0ccfb6a0f195f,
        type: 3}
      propertyPath: m_RootOrder
      value: 1
      objectReference: {fileID: 0}
    - target: {fileID: 6704877950621901096, guid: 1407f15a6b26cc642ad0ccfb6a0f195f,
        type: 3}
      propertyPath: m_LocalEulerAnglesHint.x
      value: -45.15
      objectReference: {fileID: 0}
    - target: {fileID: 6704877950621901096, guid: 1407f15a6b26cc642ad0ccfb6a0f195f,
        type: 3}
      propertyPath: m_LocalEulerAnglesHint.y
      value: -66.975006
      objectReference: {fileID: 0}
    - target: {fileID: 6704877950621901096, guid: 1407f15a6b26cc642ad0ccfb6a0f195f,
        type: 3}
      propertyPath: m_LocalEulerAnglesHint.z
      value: 39.775
      objectReference: {fileID: 0}
    - target: {fileID: 6704877950621901111, guid: 1407f15a6b26cc642ad0ccfb6a0f195f,
        type: 3}
      propertyPath: m_Name
      value: Cube 2
      objectReference: {fileID: 0}
    m_RemovedComponents:
    - {fileID: 166152337414510000, guid: 1407f15a6b26cc642ad0ccfb6a0f195f, type: 3}
  m_SourcePrefab: {fileID: 100100000, guid: 1407f15a6b26cc642ad0ccfb6a0f195f, type: 3}
--- !u!1 &6704877949229812218 stripped
GameObject:
  m_CorrespondingSourceObject: {fileID: 6704877950621901111, guid: 1407f15a6b26cc642ad0ccfb6a0f195f,
    type: 3}
  m_PrefabInstance: {fileID: 6704877949229812217}
  m_PrefabAsset: {fileID: 0}
--- !u!114 &6704877949229812219
MonoBehaviour:
  m_ObjectHideFlags: 0
  m_CorrespondingSourceObject: {fileID: 0}
  m_PrefabInstance: {fileID: 0}
  m_PrefabAsset: {fileID: 0}
  m_GameObject: {fileID: 6704877949229812218}
  m_Enabled: 1
  m_EditorHideFlags: 0
  m_Script: {fileID: 11500000, guid: 9c9bba15e7d5d4f4983869c8c87caefe, type: 3}
  m_Name: 
  m_EditorClassIdentifier: 
  closedToTheBestResult: 15
  closeMaterial: {fileID: 2100000, guid: 203ed70c540ad4a47ae99f46fe445f25, type: 2}
--- !u!1001 &7233576944502744667
PrefabInstance:
  m_ObjectHideFlags: 0
  serializedVersion: 2
  m_Modification:
    m_TransformParent: {fileID: 1823184337}
    m_Modifications:
    - target: {fileID: 7233576943970567328, guid: 12481a7ae9bd3c04790314db53b94d65,
        type: 3}
      propertyPath: m_Name
      value: Cube 10
      objectReference: {fileID: 0}
    - target: {fileID: 7233576943970567335, guid: 12481a7ae9bd3c04790314db53b94d65,
        type: 3}
      propertyPath: m_LocalPosition.x
      value: 0
      objectReference: {fileID: 0}
    - target: {fileID: 7233576943970567335, guid: 12481a7ae9bd3c04790314db53b94d65,
        type: 3}
      propertyPath: m_LocalPosition.y
      value: -3.9
      objectReference: {fileID: 0}
    - target: {fileID: 7233576943970567335, guid: 12481a7ae9bd3c04790314db53b94d65,
        type: 3}
      propertyPath: m_LocalPosition.z
      value: 0
      objectReference: {fileID: 0}
    - target: {fileID: 7233576943970567335, guid: 12481a7ae9bd3c04790314db53b94d65,
        type: 3}
      propertyPath: m_LocalRotation.x
      value: -0.20191407
      objectReference: {fileID: 0}
    - target: {fileID: 7233576943970567335, guid: 12481a7ae9bd3c04790314db53b94d65,
        type: 3}
      propertyPath: m_LocalRotation.y
      value: -0.32388896
      objectReference: {fileID: 0}
    - target: {fileID: 7233576943970567335, guid: 12481a7ae9bd3c04790314db53b94d65,
        type: 3}
      propertyPath: m_LocalRotation.z
      value: -0.08404311
      objectReference: {fileID: 0}
    - target: {fileID: 7233576943970567335, guid: 12481a7ae9bd3c04790314db53b94d65,
        type: 3}
      propertyPath: m_LocalRotation.w
      value: 0.92046916
      objectReference: {fileID: 0}
    - target: {fileID: 7233576943970567335, guid: 12481a7ae9bd3c04790314db53b94d65,
        type: 3}
      propertyPath: m_RootOrder
      value: 9
      objectReference: {fileID: 0}
    - target: {fileID: 7233576943970567335, guid: 12481a7ae9bd3c04790314db53b94d65,
        type: 3}
      propertyPath: m_LocalEulerAnglesHint.x
      value: -25.224
      objectReference: {fileID: 0}
    - target: {fileID: 7233576943970567335, guid: 12481a7ae9bd3c04790314db53b94d65,
        type: 3}
      propertyPath: m_LocalEulerAnglesHint.y
      value: -38.432003
      objectReference: {fileID: 0}
    - target: {fileID: 7233576943970567335, guid: 12481a7ae9bd3c04790314db53b94d65,
        type: 3}
      propertyPath: m_LocalEulerAnglesHint.z
      value: -1.5150001
      objectReference: {fileID: 0}
    m_RemovedComponents:
    - {fileID: -5854963586908035293, guid: 12481a7ae9bd3c04790314db53b94d65, type: 3}
  m_SourcePrefab: {fileID: 100100000, guid: 12481a7ae9bd3c04790314db53b94d65, type: 3}
--- !u!1 &7233576944502744668 stripped
GameObject:
  m_CorrespondingSourceObject: {fileID: 7233576943970567328, guid: 12481a7ae9bd3c04790314db53b94d65,
    type: 3}
  m_PrefabInstance: {fileID: 7233576944502744667}
  m_PrefabAsset: {fileID: 0}
--- !u!114 &7233576944502744669
MonoBehaviour:
  m_ObjectHideFlags: 0
  m_CorrespondingSourceObject: {fileID: 0}
  m_PrefabInstance: {fileID: 0}
  m_PrefabAsset: {fileID: 0}
  m_GameObject: {fileID: 7233576944502744668}
  m_Enabled: 1
  m_EditorHideFlags: 0
  m_Script: {fileID: 11500000, guid: 9c9bba15e7d5d4f4983869c8c87caefe, type: 3}
  m_Name: 
  m_EditorClassIdentifier: 
  closedToTheBestResult: 100
  closeMaterial: {fileID: 2100000, guid: 203ed70c540ad4a47ae99f46fe445f25, type: 2}
--- !u!1001 &7395847021764859650
PrefabInstance:
  m_ObjectHideFlags: 0
  serializedVersion: 2
  m_Modification:
    m_TransformParent: {fileID: 1823184337}
    m_Modifications:
    - target: {fileID: 7395847020371147568, guid: 22b390a34e1bb204d9430a001abe653c,
        type: 3}
      propertyPath: m_LocalPosition.x
      value: 2
      objectReference: {fileID: 0}
    - target: {fileID: 7395847020371147568, guid: 22b390a34e1bb204d9430a001abe653c,
        type: 3}
      propertyPath: m_LocalPosition.y
      value: 3.5
      objectReference: {fileID: 0}
    - target: {fileID: 7395847020371147568, guid: 22b390a34e1bb204d9430a001abe653c,
        type: 3}
      propertyPath: m_LocalPosition.z
      value: 0
      objectReference: {fileID: 0}
    - target: {fileID: 7395847020371147568, guid: 22b390a34e1bb204d9430a001abe653c,
        type: 3}
      propertyPath: m_LocalRotation.x
      value: -0.267226
      objectReference: {fileID: 0}
    - target: {fileID: 7395847020371147568, guid: 22b390a34e1bb204d9430a001abe653c,
        type: 3}
      propertyPath: m_LocalRotation.y
      value: -0.37052873
      objectReference: {fileID: 0}
    - target: {fileID: 7395847020371147568, guid: 22b390a34e1bb204d9430a001abe653c,
        type: 3}
      propertyPath: m_LocalRotation.z
      value: 0.29220226
      objectReference: {fileID: 0}
    - target: {fileID: 7395847020371147568, guid: 22b390a34e1bb204d9430a001abe653c,
        type: 3}
      propertyPath: m_LocalRotation.w
      value: 0.8401885
      objectReference: {fileID: 0}
    - target: {fileID: 7395847020371147568, guid: 22b390a34e1bb204d9430a001abe653c,
        type: 3}
      propertyPath: m_RootOrder
      value: 2
      objectReference: {fileID: 0}
    - target: {fileID: 7395847020371147568, guid: 22b390a34e1bb204d9430a001abe653c,
        type: 3}
      propertyPath: m_LocalEulerAnglesHint.x
      value: -13.444
      objectReference: {fileID: 0}
    - target: {fileID: 7395847020371147568, guid: 22b390a34e1bb204d9430a001abe653c,
        type: 3}
      propertyPath: m_LocalEulerAnglesHint.y
      value: -53.201004
      objectReference: {fileID: 0}
    - target: {fileID: 7395847020371147568, guid: 22b390a34e1bb204d9430a001abe653c,
        type: 3}
      propertyPath: m_LocalEulerAnglesHint.z
      value: 45.109
      objectReference: {fileID: 0}
    - target: {fileID: 7395847020371147571, guid: 22b390a34e1bb204d9430a001abe653c,
        type: 3}
      propertyPath: m_Name
      value: Cube 3
      objectReference: {fileID: 0}
    m_RemovedComponents:
    - {fileID: -105874117313597244, guid: 22b390a34e1bb204d9430a001abe653c, type: 3}
  m_SourcePrefab: {fileID: 100100000, guid: 22b390a34e1bb204d9430a001abe653c, type: 3}
--- !u!1 &7395847021764859651 stripped
GameObject:
  m_CorrespondingSourceObject: {fileID: 7395847020371147571, guid: 22b390a34e1bb204d9430a001abe653c,
    type: 3}
  m_PrefabInstance: {fileID: 7395847021764859650}
  m_PrefabAsset: {fileID: 0}
--- !u!114 &7395847021764859655
MonoBehaviour:
  m_ObjectHideFlags: 0
  m_CorrespondingSourceObject: {fileID: 0}
  m_PrefabInstance: {fileID: 0}
  m_PrefabAsset: {fileID: 0}
  m_GameObject: {fileID: 7395847021764859651}
  m_Enabled: 1
  m_EditorHideFlags: 0
  m_Script: {fileID: 11500000, guid: 9c9bba15e7d5d4f4983869c8c87caefe, type: 3}
  m_Name: 
  m_EditorClassIdentifier: 
  closedToTheBestResult: 20
  closeMaterial: {fileID: 2100000, guid: 203ed70c540ad4a47ae99f46fe445f25, type: 2}
--- !u!1001 &7418605575286615269
PrefabInstance:
  m_ObjectHideFlags: 0
  serializedVersion: 2
  m_Modification:
    m_TransformParent: {fileID: 1823184337}
    m_Modifications:
    - target: {fileID: 7418605575402684802, guid: 3fa93abadea13304a9864ce5900ff012,
        type: 3}
      propertyPath: m_Name
      value: Cube 7
      objectReference: {fileID: 0}
    - target: {fileID: 7418605575402684813, guid: 3fa93abadea13304a9864ce5900ff012,
        type: 3}
      propertyPath: m_LocalPosition.x
      value: -2
      objectReference: {fileID: 0}
    - target: {fileID: 7418605575402684813, guid: 3fa93abadea13304a9864ce5900ff012,
        type: 3}
      propertyPath: m_LocalPosition.y
      value: -1.5
      objectReference: {fileID: 0}
    - target: {fileID: 7418605575402684813, guid: 3fa93abadea13304a9864ce5900ff012,
        type: 3}
      propertyPath: m_LocalPosition.z
      value: 0
      objectReference: {fileID: 0}
    - target: {fileID: 7418605575402684813, guid: 3fa93abadea13304a9864ce5900ff012,
        type: 3}
      propertyPath: m_LocalRotation.x
      value: -0.24583544
      objectReference: {fileID: 0}
    - target: {fileID: 7418605575402684813, guid: 3fa93abadea13304a9864ce5900ff012,
        type: 3}
      propertyPath: m_LocalRotation.y
      value: -0.5932719
      objectReference: {fileID: 0}
    - target: {fileID: 7418605575402684813, guid: 3fa93abadea13304a9864ce5900ff012,
        type: 3}
      propertyPath: m_LocalRotation.z
      value: 0.16538745
      objectReference: {fileID: 0}
    - target: {fileID: 7418605575402684813, guid: 3fa93abadea13304a9864ce5900ff012,
        type: 3}
      propertyPath: m_LocalRotation.w
      value: 0.74849206
      objectReference: {fileID: 0}
    - target: {fileID: 7418605575402684813, guid: 3fa93abadea13304a9864ce5900ff012,
        type: 3}
      propertyPath: m_RootOrder
      value: 6
      objectReference: {fileID: 0}
    - target: {fileID: 7418605575402684813, guid: 3fa93abadea13304a9864ce5900ff012,
        type: 3}
      propertyPath: m_LocalEulerAnglesHint.x
      value: -9.891001
      objectReference: {fileID: 0}
    - target: {fileID: 7418605575402684813, guid: 3fa93abadea13304a9864ce5900ff012,
        type: 3}
      propertyPath: m_LocalEulerAnglesHint.y
      value: -79.757
      objectReference: {fileID: 0}
    - target: {fileID: 7418605575402684813, guid: 3fa93abadea13304a9864ce5900ff012,
        type: 3}
      propertyPath: m_LocalEulerAnglesHint.z
      value: 33.190002
      objectReference: {fileID: 0}
    m_RemovedComponents:
    - {fileID: -2062637059443538279, guid: 3fa93abadea13304a9864ce5900ff012, type: 3}
  m_SourcePrefab: {fileID: 100100000, guid: 3fa93abadea13304a9864ce5900ff012, type: 3}
--- !u!1 &7418605575286615270 stripped
GameObject:
  m_CorrespondingSourceObject: {fileID: 7418605575402684802, guid: 3fa93abadea13304a9864ce5900ff012,
    type: 3}
  m_PrefabInstance: {fileID: 7418605575286615269}
  m_PrefabAsset: {fileID: 0}
--- !u!114 &7418605575286615271
MonoBehaviour:
  m_ObjectHideFlags: 0
  m_CorrespondingSourceObject: {fileID: 0}
  m_PrefabInstance: {fileID: 0}
  m_PrefabAsset: {fileID: 0}
  m_GameObject: {fileID: 7418605575286615270}
  m_Enabled: 1
  m_EditorHideFlags: 0
  m_Script: {fileID: 11500000, guid: 9c9bba15e7d5d4f4983869c8c87caefe, type: 3}
  m_Name: 
  m_EditorClassIdentifier: 
  closedToTheBestResult: 60
  closeMaterial: {fileID: 2100000, guid: 203ed70c540ad4a47ae99f46fe445f25, type: 2}
--- !u!1001 &8039534394506830286
PrefabInstance:
  m_ObjectHideFlags: 0
  serializedVersion: 2
  m_Modification:
    m_TransformParent: {fileID: 1823184337}
    m_Modifications:
    - target: {fileID: 8039534394467456722, guid: 7576b3ac9122e644a8939e792d5d9dc4,
        type: 3}
      propertyPath: m_Name
      value: Cube 4
      objectReference: {fileID: 0}
    - target: {fileID: 8039534394467456723, guid: 7576b3ac9122e644a8939e792d5d9dc4,
        type: 3}
      propertyPath: m_LocalPosition.x
      value: -2
      objectReference: {fileID: 0}
    - target: {fileID: 8039534394467456723, guid: 7576b3ac9122e644a8939e792d5d9dc4,
        type: 3}
      propertyPath: m_LocalPosition.y
      value: 1
      objectReference: {fileID: 0}
    - target: {fileID: 8039534394467456723, guid: 7576b3ac9122e644a8939e792d5d9dc4,
        type: 3}
      propertyPath: m_LocalPosition.z
      value: 0
      objectReference: {fileID: 0}
    - target: {fileID: 8039534394467456723, guid: 7576b3ac9122e644a8939e792d5d9dc4,
        type: 3}
      propertyPath: m_LocalRotation.x
      value: -0.32038605
      objectReference: {fileID: 0}
    - target: {fileID: 8039534394467456723, guid: 7576b3ac9122e644a8939e792d5d9dc4,
        type: 3}
      propertyPath: m_LocalRotation.y
      value: -0.40668032
      objectReference: {fileID: 0}
    - target: {fileID: 8039534394467456723, guid: 7576b3ac9122e644a8939e792d5d9dc4,
        type: 3}
      propertyPath: m_LocalRotation.z
      value: -0.23811524
      objectReference: {fileID: 0}
    - target: {fileID: 8039534394467456723, guid: 7576b3ac9122e644a8939e792d5d9dc4,
        type: 3}
      propertyPath: m_LocalRotation.w
      value: 0.8217451
      objectReference: {fileID: 0}
    - target: {fileID: 8039534394467456723, guid: 7576b3ac9122e644a8939e792d5d9dc4,
        type: 3}
      propertyPath: m_RootOrder
      value: 3
      objectReference: {fileID: 0}
    - target: {fileID: 8039534394467456723, guid: 7576b3ac9122e644a8939e792d5d9dc4,
        type: 3}
      propertyPath: m_LocalEulerAnglesHint.x
      value: -46.073
      objectReference: {fileID: 0}
    - target: {fileID: 8039534394467456723, guid: 7576b3ac9122e644a8939e792d5d9dc4,
        type: 3}
      propertyPath: m_LocalEulerAnglesHint.y
      value: -48.031002
      objectReference: {fileID: 0}
    - target: {fileID: 8039534394467456723, guid: 7576b3ac9122e644a8939e792d5d9dc4,
        type: 3}
      propertyPath: m_LocalEulerAnglesHint.z
      value: -10.864
      objectReference: {fileID: 0}
    m_RemovedComponents:
    - {fileID: -3367358387983629885, guid: 7576b3ac9122e644a8939e792d5d9dc4, type: 3}
  m_SourcePrefab: {fileID: 100100000, guid: 7576b3ac9122e644a8939e792d5d9dc4, type: 3}
--- !u!1 &8039534394506830287 stripped
GameObject:
  m_CorrespondingSourceObject: {fileID: 8039534394467456722, guid: 7576b3ac9122e644a8939e792d5d9dc4,
    type: 3}
  m_PrefabInstance: {fileID: 8039534394506830286}
  m_PrefabAsset: {fileID: 0}
--- !u!114 &8039534394506830288
MonoBehaviour:
  m_ObjectHideFlags: 0
  m_CorrespondingSourceObject: {fileID: 0}
  m_PrefabInstance: {fileID: 0}
  m_PrefabAsset: {fileID: 0}
  m_GameObject: {fileID: 8039534394506830287}
  m_Enabled: 1
  m_EditorHideFlags: 0
  m_Script: {fileID: 11500000, guid: 9c9bba15e7d5d4f4983869c8c87caefe, type: 3}
  m_Name: 
  m_EditorClassIdentifier: 
  closedToTheBestResult: 30
  closeMaterial: {fileID: 2100000, guid: 203ed70c540ad4a47ae99f46fe445f25, type: 2}
--- !u!1001 &8690530240131088639
PrefabInstance:
  m_ObjectHideFlags: 0
  serializedVersion: 2
  m_Modification:
    m_TransformParent: {fileID: 1823184337}
    m_Modifications:
    - target: {fileID: 8690530241178396956, guid: 7e9ca27e5e53cb74596ce9c9b697463a,
        type: 3}
      propertyPath: m_LocalPosition.x
      value: 0
      objectReference: {fileID: 0}
    - target: {fileID: 8690530241178396956, guid: 7e9ca27e5e53cb74596ce9c9b697463a,
        type: 3}
      propertyPath: m_LocalPosition.y
      value: -1.5
      objectReference: {fileID: 0}
    - target: {fileID: 8690530241178396956, guid: 7e9ca27e5e53cb74596ce9c9b697463a,
        type: 3}
      propertyPath: m_LocalPosition.z
      value: 0
      objectReference: {fileID: 0}
    - target: {fileID: 8690530241178396956, guid: 7e9ca27e5e53cb74596ce9c9b697463a,
        type: 3}
      propertyPath: m_LocalRotation.x
      value: 0.044488072
      objectReference: {fileID: 0}
    - target: {fileID: 8690530241178396956, guid: 7e9ca27e5e53cb74596ce9c9b697463a,
        type: 3}
      propertyPath: m_LocalRotation.y
      value: -0.4116131
      objectReference: {fileID: 0}
    - target: {fileID: 8690530241178396956, guid: 7e9ca27e5e53cb74596ce9c9b697463a,
        type: 3}
      propertyPath: m_LocalRotation.z
      value: 0.34336686
      objectReference: {fileID: 0}
    - target: {fileID: 8690530241178396956, guid: 7e9ca27e5e53cb74596ce9c9b697463a,
        type: 3}
      propertyPath: m_LocalRotation.w
      value: 0.8430271
      objectReference: {fileID: 0}
    - target: {fileID: 8690530241178396956, guid: 7e9ca27e5e53cb74596ce9c9b697463a,
        type: 3}
      propertyPath: m_RootOrder
      value: 7
      objectReference: {fileID: 0}
    - target: {fileID: 8690530241178396956, guid: 7e9ca27e5e53cb74596ce9c9b697463a,
        type: 3}
      propertyPath: m_LocalEulerAnglesHint.x
      value: 20.958
      objectReference: {fileID: 0}
    - target: {fileID: 8690530241178396956, guid: 7e9ca27e5e53cb74596ce9c9b697463a,
        type: 3}
      propertyPath: m_LocalEulerAnglesHint.y
      value: -45.272003
      objectReference: {fileID: 0}
    - target: {fileID: 8690530241178396956, guid: 7e9ca27e5e53cb74596ce9c9b697463a,
        type: 3}
      propertyPath: m_LocalEulerAnglesHint.z
      value: 35.502003
      objectReference: {fileID: 0}
    - target: {fileID: 8690530241178396957, guid: 7e9ca27e5e53cb74596ce9c9b697463a,
        type: 3}
      propertyPath: m_Name
      value: Cube 8
      objectReference: {fileID: 0}
    m_RemovedComponents:
    - {fileID: 2517749190399261601, guid: 7e9ca27e5e53cb74596ce9c9b697463a, type: 3}
  m_SourcePrefab: {fileID: 100100000, guid: 7e9ca27e5e53cb74596ce9c9b697463a, type: 3}
--- !u!1 &8690530240131088640 stripped
GameObject:
  m_CorrespondingSourceObject: {fileID: 8690530241178396957, guid: 7e9ca27e5e53cb74596ce9c9b697463a,
    type: 3}
  m_PrefabInstance: {fileID: 8690530240131088639}
  m_PrefabAsset: {fileID: 0}
--- !u!114 &8690530240131088641
MonoBehaviour:
  m_ObjectHideFlags: 0
  m_CorrespondingSourceObject: {fileID: 0}
  m_PrefabInstance: {fileID: 0}
  m_PrefabAsset: {fileID: 0}
  m_GameObject: {fileID: 8690530240131088640}
  m_Enabled: 1
  m_EditorHideFlags: 0
  m_Script: {fileID: 11500000, guid: 9c9bba15e7d5d4f4983869c8c87caefe, type: 3}
  m_Name: 
  m_EditorClassIdentifier: 
  closedToTheBestResult: 70
  closeMaterial: {fileID: 2100000, guid: 203ed70c540ad4a47ae99f46fe445f25, type: 2}
